bid_price1,bid_price2,bid_price3,bid_price4,bid_price5,ask_price1,ask_price2,ask_price3,ask_price4,ask_price5,bid_size1,bid_size2,bid_size3,bid_size4,bid_size5,ask_size1,ask_size2,ask_size3,ask_size4,ask_size5,bid_order1,bid_order2,bid_order3,bid_order4,bid_order5,ask_order1,ask_order2,ask_order3,ask_order4,ask_order5,type,symbol,time
4123.0,4122.85,4122.8,4122.75,4122.65,4124.3,4124.35,4124.4,4124.45,4124.5,39,1,29,175,199,10,2,17,15,11,1,1,4,1,1,3,1,1,2,3,dp,NSE:TCS-EQ,1734955972.32665
4123.0,4122.8,4122.75,4122.65,4122.55,4124.0,4124.05,4124.1,4124.15,4124.2,37,3,175,199,10,11,27,46,15,10,1,3,1,1,1,1,3,3,1,1,dp,NSE:TCS-EQ,1734955973.169169
4123.0,4122.8,4122.75,4122.65,4122.35,4124.0,4124.05,4124.1,4124.15,4124.2,37,3,175,199,1,11,27,46,15,10,1,3,1,1,1,1,3,3,1,1,dp,NSE:TCS-EQ,1734955973.528439
4123.0,4122.95,4122.8,4122.65,4122.3,4124.0,4124.05,4124.1,4124.2,4124.3,37,11,3,199,1,11,26,61,10,4,1,1,3,1,1,1,2,4,1,2,dp,NSE:TCS-EQ,1734955973.927864
4123.0,4122.95,4122.8,4122.65,4122.6,4124.0,4124.05,4124.1,4124.2,4124.3,38,11,3,199,175,11,41,46,10,68,2,1,3,1,1,1,3,3,1,3,dp,NSE:TCS-EQ,1734955974.720873
4123.0,4122.95,4122.8,4122.65,4122.6,4124.0,4124.05,4124.1,4124.2,4124.3,31,11,3,199,175,57,9,63,10,67,3,1,3,1,1,2,1,4,1,2,dp,NSE:TCS-EQ,1734955976.776309
4123.15,4123.1,4123.05,4123.0,4122.95,4124.05,4124.3,4124.8,4124.85,4125.0,175,1,18,41,12,58,67,3,13,20,1,1,1,4,2,2,2,1,1,3,dp,NSE:TCS-EQ,1734955977.535641
4123.15,4123.05,4123.0,4122.95,4122.85,4124.05,4124.3,4124.55,4124.6,4124.7,136,18,31,11,1,58,67,10,9,4,1,1,3,1,1,2,2,1,1,1,dp,NSE:TCS-EQ,1734955978.258685
4123.15,4123.1,4123.05,4123.0,4122.95,4124.3,4124.6,4124.7,4124.8,4124.85,117,1,18,31,10,64,18,4,12,3,1,1,1,3,1,1,2,1,1,1,dp,NSE:TCS-EQ,1734955978.665303
4123.15,4123.1,4123.05,4123.0,4122.95,4124.55,4124.6,4124.7,4124.75,4124.8,90,1,18,31,10,11,73,4,3,3,1,1,1,3,1,1,5,1,1,1,dp,NSE:TCS-EQ,1734955979.49325
4123.2,4123.15,4123.05,4123.0,4122.95,4124.25,4124.55,4124.6,4124.7,4124.75,14,90,1,31,10,1,12,73,4,3,2,1,1,3,1,1,2,5,1,1,dp,NSE:TCS-EQ,1734955979.862218
4123.2,4123.15,4123.05,4123.0,4122.8,4124.25,4124.55,4124.6,4124.7,4124.75,10,90,11,31,4,1,1,68,4,3,2,1,2,3,4,1,1,5,1,1,dp,NSE:TCS-EQ,1734955980.666402
4123.2,4123.15,4123.1,4123.05,4123.0,4124.25,4124.55,4124.6,4124.7,4124.75,10,90,1,2,31,13,10,68,4,18,2,1,1,2,3,1,1,5,1,2,dp,NSE:TCS-EQ,1734955981.129995
4123.2,4123.15,4123.1,4123.05,4123.0,4124.25,4124.6,4124.7,4124.75,4124.85,13,90,1,1,31,20,68,4,3,13,2,1,1,1,3,2,5,1,1,1,dp,NSE:TCS-EQ,1734955982.023895
4123.2,4123.15,4123.1,4123.05,4123.0,4124.25,4124.6,4124.7,4124.75,4124.85,10,93,1,10,4,17,83,4,3,13,2,2,1,1,2,2,6,1,1,1,dp,NSE:TCS-EQ,1734955983.726475
4123.2,4123.15,4123.1,4123.05,4123.0,4124.25,4124.6,4124.7,4124.75,4124.85,7,93,1,11,4,20,68,4,3,13,2,2,1,2,2,2,5,1,1,1,dp,NSE:TCS-EQ,1734955984.026197
4124.25,4123.35,4123.25,4123.2,4123.15,4124.6,4124.95,4125.0,4125.15,4125.2,16,6,5,30,93,28,4,50,11,5,1,2,2,3,2,2,2,1,2,1,dp,NSE:TCS-EQ,1734955985.187696
4124.25,4124.15,4123.35,4123.3,4123.25,4124.6,4124.95,4125.0,4125.15,4125.2,16,2,6,1,29,19,4,50,11,5,1,2,2,1,2,2,2,1,2,1,dp,NSE:TCS-EQ,1734955985.564787
4124.0,4123.25,4123.2,4123.15,4123.05,4124.15,4124.25,4124.6,4124.95,4125.0,325,1,18,103,9,1,3,19,4,50,1,1,1,3,2,1,1,2,2,1,dp,NSE:TCS-EQ,1734955986.382901
4124.0,4123.9,4123.85,4123.65,4123.6,4124.15,4124.25,4124.6,4124.95,4125.0,325,1,4,4,23,1,3,9,2,50,1,1,1,1,3,1,1,1,1,1,dp,NSE:TCS-EQ,1734955986.781231
4124.0,4123.9,4123.85,4123.65,4123.6,4124.15,4124.25,4124.6,4124.95,4125.0,315,1,4,4,23,1,3,9,2,50,1,1,1,1,3,1,1,1,1,1,dp,NSE:TCS-EQ,1734955987.476066
4124.0,4123.85,4123.7,4123.65,4123.6,4124.15,4124.25,4124.6,4124.95,4125.0,286,4,1,4,23,1,3,9,2,50,1,1,1,1,3,1,1,1,1,1,dp,NSE:TCS-EQ,1734955987.984161
4124.1,4124.05,4124.0,4123.9,4123.85,4124.15,4124.25,4124.6,4124.95,4125.0,66,13,302,1,5,1,3,9,2,50,1,3,2,1,2,1,1,1,1,1,dp,NSE:TCS-EQ,1734955988.787082
4124.1,4124.05,4124.0,4123.9,4123.85,4124.6,4124.75,4124.95,4125.0,4125.25,66,13,372,1,5,9,1,2,50,5,1,3,3,1,2,1,1,1,1,1,dp,NSE:TCS-EQ,1734955989.169072
4124.15,4124.1,4124.05,4124.0,4123.95,4124.75,4124.95,4125.0,4125.25,4125.35,15,66,13,372,15,1,2,50,5,25,3,1,3,3,1,1,1,1,1,1,dp,NSE:TCS-EQ,1734955989.85991
4124.35,4124.3,4124.25,4124.2,4124.15,4124.75,4124.95,4125.0,4125.25,4125.35,8,1,23,13,6,1,2,50,5,25,1,1,2,2,1,1,1,1,1,1,dp,NSE:TCS-EQ,1734955990.473876
4124.3,4124.25,4124.2,4124.1,4124.05,4124.75,4124.95,4125.0,4125.25,4125.35,7,23,7,67,13,1,2,50,5,25,2,2,1,2,3,1,1,1,1,1,dp,NSE:TCS-EQ,1734955991.183691
4124.3,4124.25,4124.2,4124.1,4124.05,4124.75,4124.95,4125.0,4125.25,4125.35,7,23,7,66,13,1,2,50,5,25,2,2,1,1,3,1,1,1,1,1,dp,NSE:TCS-EQ,1734955991.569715
4124.25,4124.2,4124.15,4124.1,4124.05,4125.65,4125.75,4125.85,4125.9,4126.0,23,7,1,66,13,16,3,46,49,15,3,1,1,1,3,2,1,5,2,2,dp,NSE:TCS-EQ,1734955991.967887
4124.3,4124.25,4124.2,4124.15,4124.1,4125.65,4125.75,4125.8,4125.85,4125.9,22,22,9,1,66,16,3,13,46,49,1,2,3,1,1,2,1,1,5,2,dp,NSE:TCS-EQ,1734955992.39675
4124.25,4124.2,4124.15,4124.1,4124.05,4124.6,4125.3,4125.4,4125.45,4125.5,17,8,2,66,13,21,10,37,21,5,1,2,2,1,3,2,1,2,2,3,dp,NSE:TCS-EQ,1734955993.168849
4124.7,4124.55,4124.4,4124.35,4124.3,4126.1,4126.15,4126.2,4126.25,4126.35,5,14,1,4,175,17,10,4,28,10,1,2,1,1,1,6,1,2,2,1,dp,NSE:TCS-EQ,1734955994.016985
4124.7,4124.55,4124.4,4124.35,4124.3,4126.1,4126.15,4126.2,4126.25,4126.35,5,14,1,4,175,21,10,4,28,10,1,2,1,1,1,5,1,2,2,1,dp,NSE:TCS-EQ,1734955994.448954
4124.7,4124.55,4124.4,4124.35,4124.25,4126.1,4126.15,4126.2,4126.25,4126.35,5,14,1,4,41,37,10,4,3,10,1,2,1,1,2,8,1,2,1,1,dp,NSE:TCS-EQ,1734955994.791024
4124.7,4124.55,4124.4,4124.35,4124.25,4126.1,4126.15,4126.2,4126.25,4126.35,11,14,1,4,41,27,10,4,3,10,2,2,1,1,2,5,1,2,1,1,dp,NSE:TCS-EQ,1734955995.189933
4125.45,4124.7,4124.65,4124.6,4124.55,4126.1,4126.2,4126.4,4126.5,4126.6,10,11,1,1,14,16,1,2,8,27,1,2,1,1,2,3,1,1,2,3,dp,NSE:TCS-EQ,1734955995.647928
4125.45,4124.75,4124.7,4124.65,4124.6,4126.4,4126.45,4126.55,4126.6,4126.65,10,12,11,27,1,1,10,7,27,51,1,1,2,2,1,1,1,2,3,4,dp,NSE:TCS-EQ,1734955996.370634
4125.45,4124.75,4124.7,4124.6,4124.55,4125.95,4126.3,4126.35,4126.6,4126.65,5,36,11,2,14,53,1,15,27,67,1,2,2,2,2,2,1,1,3,6,dp,NSE:TCS-EQ,1734955996.773115
4125.45,4125.0,4124.95,4124.9,4124.8,4125.95,4126.6,4126.65,4126.7,4126.75,5,1,525,175,3,53,27,19,12,18,1,1,2,1,1,2,3,3,1,1,dp,NSE:TCS-EQ,1734955997.568059
4125.45,4125.05,4124.95,4124.9,4124.8,4125.95,4126.0,4126.25,4126.4,4126.6,4,1,175,175,1,53,25,15,1,27,1,1,1,1,1,2,1,1,1,3,dp,NSE:TCS-EQ,1734955997.970261
4125.5,4125.45,4125.05,4125.0,4124.95,4126.0,4126.5,4126.55,4126.6,4126.65,90,10,18,1,175,25,1,37,27,57,1,1,1,1,1,1,1,2,3,4,dp,NSE:TCS-EQ,1734955999.045546
4125.5,4125.45,4125.05,4124.8,4124.75,4126.0,4126.1,4126.15,4126.45,4126.5,66,10,18,4,12,26,1,15,28,26,1,1,1,1,3,2,1,1,2,2,dp,NSE:TCS-EQ,1734955999.173301
4125.5,4125.45,4125.05,4124.8,4124.75,4125.95,4126.0,4126.15,4126.45,4126.55,61,10,18,4,12,1,26,16,15,50,1,1,1,1,3,1,2,2,1,3,dp,NSE:TCS-EQ,1734956000.10658
4125.5,4125.45,4125.05,4124.8,4124.75,4125.95,4126.0,4126.15,4126.45,4126.55,68,10,18,4,12,1,26,16,15,50,2,1,1,1,3,1,2,2,1,3,dp,NSE:TCS-EQ,1734956000.420598
4125.5,4125.45,4125.05,4124.75,4124.3,4125.95,4126.0,4126.15,4126.35,4126.45,66,10,18,2,1,3,26,15,21,15,2,1,1,2,1,3,2,1,2,1,dp,NSE:TCS-EQ,1734956001.219468
4125.5,4125.45,4125.05,4124.75,4124.3,4125.95,4126.0,4126.15,4126.25,4126.3,66,10,18,2,1,3,26,15,23,44,2,1,1,2,1,3,2,1,1,3,dp,NSE:TCS-EQ,1734956001.722795
4125.5,4125.45,4125.05,4124.75,4124.45,4126.0,4126.1,4126.15,4126.25,4126.3,65,10,18,2,1,26,1,15,20,44,2,1,1,2,1,3,1,1,1,3,dp,NSE:TCS-EQ,1734956002.415066
4125.5,4125.45,4125.05,4124.9,4124.75,4126.0,4126.45,4126.6,4126.65,4126.75,61,10,18,10,2,26,15,40,70,18,2,1,1,1,2,3,1,4,6,1,dp,NSE:TCS-EQ,1734956002.780894
4125.55,4125.5,4125.45,4125.35,4125.2,4126.0,4126.6,4126.65,4126.75,4126.8,1,59,10,10,128,22,3,20,18,1,1,2,1,1,1,3,2,2,1,1,dp,NSE:TCS-EQ,1734956003.175766
4125.8,4125.7,4125.65,4125.6,4125.55,4126.0,4126.6,4126.8,4126.85,4126.95,10,10,4,51,11,21,3,1,13,4,1,1,2,1,1,2,2,1,1,1,dp,NSE:TCS-EQ,1734956004.003768
4126.35,4126.25,4126.15,4126.05,4126.0,4126.6,4126.7,4126.8,4126.95,4127.0,47,20,4,23,26,1,23,1,4,13,1,2,1,1,2,1,1,1,1,3,dp,NSE:TCS-EQ,1734956004.374937
4126.35,4126.15,4126.05,4126.0,4125.95,4126.6,4126.8,4126.95,4127.0,4127.2,47,4,23,27,4,1,1,4,13,20,1,1,1,3,1,1,1,1,3,2,dp,NSE:TCS-EQ,1734956004.784924
4126.35,4126.15,4126.05,4126.0,4125.95,4126.55,4126.6,4126.8,4126.95,4127.0,49,4,23,3,114,18,25,1,4,13,2,1,1,1,2,1,2,1,1,3,dp,NSE:TCS-EQ,1734956005.175117
4126.55,4126.5,4126.35,4126.15,4126.05,4126.8,4126.95,4127.0,4127.2,4127.4,26,5,7,4,24,1,4,13,20,1,2,1,1,1,2,1,1,3,2,1,dp,NSE:TCS-EQ,1734956005.97824
4126.6,4126.55,4126.5,4126.4,4126.35,4127.8,4127.9,4127.95,4128.0,4128.1,6,14,6,1,26,1,1,15,3,13,1,1,2,1,3,1,1,1,2,1,dp,NSE:TCS-EQ,1734956007.176901
4126.55,4126.5,4126.35,4126.25,4126.2,4126.6,4127.75,4127.8,4127.85,4127.95,14,24,7,10,1,3,3,12,12,15,1,3,1,1,1,1,1,2,1,1,dp,NSE:TCS-EQ,1734956007.987848
4126.55,4126.5,4126.35,4126.25,4126.2,4126.6,4127.75,4127.8,4127.85,4127.95,14,24,7,10,1,3,6,12,12,15,1,3,1,1,1,1,2,2,1,1,dp,NSE:TCS-EQ,1734956008.407154
4126.7,4126.65,4126.55,4126.5,4126.45,4128.0,4128.05,4128.1,4128.15,4128.2,11,1,14,24,1,12,15,10,13,1,1,1,2,3,1,3,1,1,2,1,dp,NSE:TCS-EQ,1734956009.222574
4126.7,4126.65,4126.55,4126.5,4126.45,4128.0,4128.1,4128.2,4128.3,4128.35,11,1,13,34,1,3,9,1,27,41,1,1,1,4,1,2,1,1,2,3,dp,NSE:TCS-EQ,1734956009.595306
4126.7,4126.65,4126.55,4126.5,4126.25,4127.55,4127.6,4127.65,4127.7,4127.75,18,1,13,24,15,30,18,48,29,66,2,1,1,3,1,5,2,4,3,5,dp,NSE:TCS-EQ,1734956010.389818
4126.7,4126.65,4126.5,4126.25,4126.15,4127.55,4127.6,4127.65,4127.7,4127.75,11,1,24,15,7,4,4,37,19,57,2,1,3,1,2,1,1,3,2,4,dp,NSE:TCS-EQ,1734956011.281391
4126.75,4126.7,4126.65,4126.5,4126.45,4127.7,4127.75,4127.8,4127.85,4127.9,18,11,1,6,114,18,58,22,45,21,1,2,1,2,1,2,4,2,3,2,dp,NSE:TCS-EQ,1734956011.695179
4126.7,4126.65,4126.5,4126.35,4126.3,4127.7,4127.75,4127.8,4127.85,4127.9,122,1,6,1,1,9,22,22,21,11,3,1,2,1,1,1,2,2,2,1,dp,NSE:TCS-EQ,1734956012.780162
4126.75,4126.7,4126.65,4126.5,4126.3,4127.7,4127.85,4127.9,4127.95,4128.0,2,111,1,6,1,25,7,13,25,25,1,2,1,2,1,1,1,2,2,4,dp,NSE:TCS-EQ,1734956014.134361
4126.75,4126.7,4126.5,4126.3,4126.25,4127.7,4127.9,4127.95,4128.0,4128.15,12,105,6,1,25,22,12,10,25,7,2,1,2,1,2,1,1,1,4,1,dp,NSE:TCS-EQ,1734956015.455906
4126.75,4126.7,4126.5,4125.7,4125.65,4127.0,4127.2,4127.4,4127.55,4127.7,4,106,1,1,3,31,7,15,10,13,2,2,1,1,1,2,1,1,1,1,dp,NSE:TCS-EQ,1734956016.490741
4125.25,4125.0,4124.95,4124.85,4124.75,4126.3,4126.35,4126.4,4126.45,4126.55,115,18,373,40,1,27,9,10,16,1,1,2,2,2,1,4,1,1,2,1,dp,NSE:TCS-EQ,1734956017.700099
4125.2,4125.15,4125.05,4125.0,4124.95,4126.5,4126.65,4126.7,4126.75,4126.8,13,12,1,27,436,3,30,22,2,21,1,2,1,3,2,1,3,3,1,1,dp,NSE:TCS-EQ,1734956018.895037
4125.8,4125.75,4125.2,4125.15,4125.05,4126.45,4126.65,4126.7,4126.75,4126.85,9,23,25,12,87,1,34,20,2,108,1,1,1,2,2,1,4,3,1,6,dp,NSE:TCS-EQ,1734956020.096073
4126.2,4125.7,4125.65,4125.35,4125.15,4126.45,4126.6,4126.65,4127.05,4127.15,333,1,4,78,1,9,2,33,2,31,1,1,1,1,1,1,1,3,1,3,dp,NSE:TCS-EQ,1734956026.10474
4126.2,4125.7,4125.65,4125.55,4125.35,4126.65,4127.0,4127.05,4127.15,4127.35,313,1,4,10,78,67,2,2,17,13,2,1,1,1,1,4,1,1,2,1,dp,NSE:TCS-EQ,1734956026.919692
4126.2,4126.15,4125.7,4125.65,4125.55,4126.65,4126.85,4126.9,4127.05,4127.15,8,305,1,4,10,70,2,15,2,17,1,1,1,1,1,4,1,1,1,2,dp,NSE:TCS-EQ,1734956027.309948
4126.15,4125.7,4125.65,4125.55,4125.35,4126.2,4126.65,4126.85,4127.05,4127.15,302,1,5,10,78,1,57,2,2,17,1,1,2,1,1,1,3,1,1,2,dp,NSE:TCS-EQ,1734956028.112775
4125.65,4125.35,4125.15,4125.1,4125.05,4126.65,4126.7,4126.75,4126.8,4126.85,4,78,1,175,1,66,76,53,52,39,1,1,1,1,1,6,7,5,4,4,dp,NSE:TCS-EQ,1734956028.61304
4125.3,4125.25,4125.15,4125.05,4125.0,4126.35,4126.6,4126.65,4126.7,4126.75,1,67,1,2,9,2,2,37,13,22,1,2,1,2,4,1,1,2,1,3,dp,NSE:TCS-EQ,1734956029.302641
4126.2,4125.6,4125.3,4125.25,4125.15,4126.65,4126.7,4126.75,4126.8,4126.85,1,1,1,67,1,11,13,16,9,16,1,1,1,2,1,2,1,2,1,2,dp,NSE:TCS-EQ,1734956029.703515
4125.25,4125.15,4125.1,4125.05,4125.0,4126.2,4126.65,4126.75,4126.8,4126.85,66,25,1,1,17,1,35,1,15,10,1,2,1,1,5,1,3,1,2,1,dp,NSE:TCS-EQ,1734956030.505869
4125.25,4125.15,4125.05,4125.0,4124.85,4126.2,4126.65,4126.75,4126.8,4126.85,66,1,2,14,10,12,35,18,15,10,1,1,2,5,1,3,3,3,2,1,dp,NSE:TCS-EQ,1734956030.9043
4125.3,4125.25,4125.15,4125.1,4125.05,4126.2,4126.65,4126.7,4126.75,4126.8,1,65,2,1,1,12,35,15,1,15,1,1,2,1,1,3,3,1,1,2,dp,NSE:TCS-EQ,1734956031.83907
4125.3,4125.25,4125.15,4125.1,4125.05,4126.2,4126.65,4126.8,4126.85,4126.9,1,65,2,1,1,12,36,15,10,14,1,1,2,1,1,3,4,2,1,2,dp,NSE:TCS-EQ,1734956032.903609
4125.25,4125.15,4125.1,4125.05,4125.0,4126.2,4126.65,4126.8,4126.85,4126.9,65,2,1,1,214,7,36,15,10,14,1,2,1,1,6,3,4,2,1,2,dp,NSE:TCS-EQ,1734956033.320314
4125.25,4125.2,4125.15,4125.1,4125.05,4126.2,4126.45,4126.5,4126.65,4126.8,65,11,2,1,1,5,1,20,35,15,1,1,2,1,1,3,1,1,3,2,dp,NSE:TCS-EQ,1734956034.109259
4125.25,4125.2,4125.15,4125.1,4125.05,4126.2,4126.45,4126.5,4126.65,4126.75,55,11,1,1,1,2,1,20,35,15,2,1,1,1,1,2,1,1,3,1,dp,NSE:TCS-EQ,1734956035.404106
4125.25,4125.2,4125.15,4125.1,4125.05,4126.2,4126.45,4126.5,4126.65,4126.75,52,11,1,1,1,2,1,20,35,15,2,1,1,1,1,2,1,1,3,1,dp,NSE:TCS-EQ,1734956035.721247
4125.5,4125.4,4125.3,4125.25,4125.2,4126.2,4126.5,4126.6,4126.65,4126.8,23,1,11,52,12,1,20,1,35,9,1,1,2,2,2,1,1,1,3,1,dp,NSE:TCS-EQ,1734956036.630346
4125.5,4125.4,4125.3,4125.25,4125.2,4126.2,4126.45,4126.5,4126.65,4126.8,23,1,11,52,11,1,1,20,35,9,1,1,2,2,1,1,1,1,3,1,dp,NSE:TCS-EQ,1734956036.957078
4125.55,4125.5,4125.25,4125.2,4125.15,4125.7,4126.2,4126.45,4126.5,4126.65,18,23,1,11,1,51,5,1,20,35,1,1,1,1,1,2,2,1,1,3,dp,NSE:TCS-EQ,1734956037.70766
4125.85,4125.8,4125.55,4125.5,4125.25,4126.2,4126.45,4126.5,4126.65,4126.75,12,11,2,23,1,13,1,20,35,2,1,1,1,1,1,3,1,1,3,1,dp,NSE:TCS-EQ,1734956038.922794
4125.8,4125.75,4125.55,4125.5,4125.25,4125.85,4126.15,4126.2,4126.45,4126.5,8,1,2,23,1,2,1,13,1,20,1,1,1,1,1,1,1,3,1,1,dp,NSE:TCS-EQ,1734956040.210407
4125.85,4125.8,4125.75,4125.55,4125.5,4126.0,4126.15,4126.2,4126.45,4126.5,6,11,1,2,23,15,1,13,1,20,1,1,1,1,1,1,1,3,1,1,dp,NSE:TCS-EQ,1734956041.410114
4125.85,4125.8,4125.75,4125.55,4125.5,4126.0,4126.15,4126.2,4126.5,4126.65,4,11,1,2,23,15,1,13,20,10,1,1,1,1,1,1,1,3,1,1,dp,NSE:TCS-EQ,1734956042.552984
4125.85,4125.8,4125.75,4125.55,4125.5,4126.0,4126.15,4126.2,4126.5,4126.65,4,11,3,2,23,24,1,13,20,10,1,1,3,1,1,2,1,3,1,1,dp,NSE:TCS-EQ,1734956043.417559
4126.1,4125.85,4125.75,4125.6,4125.55,4126.15,4126.2,4126.5,4127.35,4127.45,1,3,3,24,17,1,13,20,13,11,1,1,3,2,2,1,3,1,1,2,dp,NSE:TCS-EQ,1734956043.860999
4126.1,4125.85,4125.75,4125.7,4125.55,4126.15,4126.2,4126.5,4127.35,4127.45,1,3,3,15,17,1,13,20,13,11,1,1,3,1,2,1,3,1,1,2,dp,NSE:TCS-EQ,1734956044.640001
4125.85,4125.75,4125.6,4125.55,4125.5,4126.1,4126.15,4126.2,4126.5,4127.35,3,2,1,17,203,1,1,13,20,13,1,2,1,2,3,1,1,3,1,1,dp,NSE:TCS-EQ,1734956045.035612
4125.85,4125.75,4125.55,4125.5,4125.4,4126.1,4126.15,4126.2,4126.5,4126.65,3,2,18,28,14,2,1,13,20,12,1,2,3,2,2,2,1,3,1,1,dp,NSE:TCS-EQ,1734956045.815227
4126.1,4125.75,4125.6,4125.55,4125.5,4126.15,4126.2,4126.5,4126.65,4126.95,4,2,1,17,28,1,13,20,12,1,1,2,1,2,2,1,3,1,1,1,dp,NSE:TCS-EQ,1734956046.222596
4126.1,4125.75,4125.55,4125.5,4125.45,4126.15,4126.2,4126.3,4126.5,4126.65,3,2,2,28,1,1,13,3,20,12,1,2,1,2,1,1,3,1,1,1,dp,NSE:TCS-EQ,1734956047.020832
4126.4,4126.35,4126.3,4126.25,4126.2,4127.5,4127.6,4127.7,4128.0,4128.05,6,21,1,175,176,3,10,25,13,1,1,2,1,1,2,1,1,1,3,1,dp,NSE:TCS-EQ,1734956047.818416
4126.7,4126.45,4126.35,4126.25,4126.2,4127.5,4127.6,4127.7,4128.0,4128.1,1,2,11,350,1,36,10,25,26,3,1,2,1,2,1,4,1,1,4,1,dp,NSE:TCS-EQ,1734956048.617429
4126.5,4126.45,4126.35,4126.25,4126.2,4126.7,4127.5,4127.6,4127.7,4127.95,22,11,18,190,11,1,25,10,25,37,1,3,3,2,2,1,4,1,1,2,dp,NSE:TCS-EQ,1734956049.818158
4126.6,4126.55,4126.5,4126.45,4126.35,4126.7,4127.5,4127.6,4127.7,4127.95,23,1,31,2,18,2,13,10,25,37,1,1,2,2,3,2,2,1,1,2,dp,NSE:TCS-EQ,1734956050.62983
4126.6,4126.5,4126.45,4126.35,4126.3,4126.7,4127.45,4127.5,4127.6,4127.7,23,31,2,12,175,15,12,13,37,26,1,2,2,2,1,3,1,2,2,2,dp,NSE:TCS-EQ,1734956051.019136
4126.6,4126.5,4126.45,4126.35,4126.25,4126.7,4127.45,4127.5,4127.6,4127.7,23,31,2,12,15,2,13,13,34,35,1,2,2,2,1,1,1,2,2,2,dp,NSE:TCS-EQ,1734956051.825659
4126.7,4126.6,4126.55,4126.5,4126.45,4127.5,4127.6,4127.7,4128.0,4128.05,2,24,1,31,2,11,10,25,13,1,1,2,1,2,2,2,1,1,3,1,dp,NSE:TCS-EQ,1734956053.03024
4126.6,4126.5,4126.3,4126.2,4126.15,4127.4,4127.45,4127.5,4127.6,4127.7,19,31,10,15,10,3,1,3,10,25,2,2,1,1,1,1,1,1,1,1,dp,NSE:TCS-EQ,1734956054.226123
4126.6,4126.55,4126.5,4126.2,4126.15,4127.5,4127.6,4127.65,4127.7,4127.95,10,1,22,15,10,3,10,1,25,1,2,1,1,1,1,1,1,1,1,1,dp,NSE:TCS-EQ,1734956055.418004
4127.1,4126.6,4126.5,4126.35,4126.2,4127.5,4127.6,4127.7,4128.0,4128.1,8,5,22,17,10,1,10,25,13,5,1,1,1,1,1,1,1,1,3,1,dp,NSE:TCS-EQ,1734956056.223517
4127.1,4126.7,4126.6,4126.5,4126.15,4127.25,4127.5,4127.6,4127.65,4127.7,10,1,5,22,12,69,1,20,1,26,1,1,1,1,2,3,1,2,1,2,dp,NSE:TCS-EQ,1734956057.430754
4127.1,4126.7,4126.6,4126.5,4126.2,4127.25,4127.5,4127.6,4127.65,4127.7,10,1,5,22,2,69,1,20,1,26,1,1,1,1,1,3,1,2,1,2,dp,NSE:TCS-EQ,1734956057.825946
4126.15,4126.1,4125.8,4125.75,4125.65,4126.5,4126.65,4127.1,4127.2,4127.25,10,1,4,2,22,3,22,16,1,93,1,1,1,2,1,1,2,2,1,5,dp,NSE:TCS-EQ,1734956058.220559
4126.6,4126.15,4126.1,4125.95,4125.8,4127.0,4127.1,4127.25,4127.3,4127.35,23,10,1,16,4,5,16,82,1,2,1,1,1,1,1,1,2,4,1,1,dp,NSE:TCS-EQ,1734956058.622522
4126.6,4126.25,4126.15,4126.1,4126.0,4126.65,4127.85,4127.95,4128.0,4128.1,17,10,11,1,25,15,4,1,13,28,1,1,2,1,3,1,1,1,3,2,dp,NSE:TCS-EQ,1734956059.433629
4126.6,4126.25,4126.2,4126.15,4126.1,4126.65,4127.85,4127.95,4128.0,4128.1,16,10,1,10,1,15,4,1,13,28,1,1,1,1,1,1,1,1,3,2,dp,NSE:TCS-EQ,1734956059.82583
4126.15,4126.1,4126.0,4125.6,4125.55,4126.6,4126.65,4127.35,4127.4,4127.45,5,1,11,15,2,5,24,1,1,12,1,1,2,1,1,2,2,1,1,2,dp,NSE:TCS-EQ,1734956060.637675
4126.15,4126.1,4126.0,4125.75,4125.7,4126.6,4126.65,4127.35,4127.45,4127.6,6,1,16,11,175,2,15,1,12,37,2,1,3,2,1,2,1,1,2,2,dp,NSE:TCS-EQ,1734956061.829089
4126.15,4126.1,4126.0,4125.8,4125.75,4126.6,4126.65,4127.35,4127.45,4127.6,6,1,16,1,10,6,15,1,2,37,2,1,3,1,1,2,1,1,1,2,dp,NSE:TCS-EQ,1734956062.742273
4126.15,4126.1,4126.0,4125.8,4125.75,4126.6,4126.65,4127.35,4127.45,4127.5,6,1,16,1,10,6,15,1,2,5,2,1,3,1,1,2,1,1,1,1,dp,NSE:TCS-EQ,1734956063.429311
4126.1,4126.0,4125.8,4125.75,4125.7,4126.6,4126.65,4127.35,4127.45,4127.5,10,16,1,10,175,6,15,1,2,5,1,3,1,1,1,2,1,1,1,1,dp,NSE:TCS-EQ,1734956063.922993
4126.1,4126.0,4125.95,4125.9,4125.75,4126.6,4126.65,4127.35,4127.45,4127.5,10,16,1,175,360,6,15,1,2,5,1,3,1,1,3,2,1,1,1,1,dp,NSE:TCS-EQ,1734956064.236589
4126.2,4126.1,4126.05,4126.0,4125.9,4126.6,4126.65,4127.35,4127.5,4127.65,9,9,1,16,175,1,13,1,5,4,1,1,1,3,1,1,1,1,1,1,dp,NSE:TCS-EQ,1734956065.132659
4126.2,4126.1,4126.05,4126.0,4125.8,4126.6,4126.65,4127.35,4127.5,4127.65,5,9,1,16,4,1,13,1,5,4,1,1,1,3,1,1,1,1,1,1,dp,NSE:TCS-EQ,1734956065.457388
4126.2,4126.1,4126.05,4126.0,4125.8,4126.6,4126.65,4127.35,4127.5,4127.65,18,9,1,16,4,1,13,1,5,4,1,1,1,3,1,1,1,1,1,1,dp,NSE:TCS-EQ,1734956065.835396
4126.5,4126.1,4126.05,4126.0,4125.8,4126.6,4126.65,4127.35,4127.5,4127.65,1,7,1,56,4,1,13,1,5,4,1,1,1,4,1,1,1,1,1,1,dp,NSE:TCS-EQ,1734956066.233665
4126.5,4126.1,4126.0,4125.85,4125.8,4126.6,4126.65,4127.35,4127.5,4127.65,1,7,56,1,4,1,13,1,5,26,1,1,4,1,1,1,1,1,1,2,dp,NSE:TCS-EQ,1734956066.751806
4126.1,4126.05,4126.0,4125.8,4125.75,4126.65,4127.35,4127.5,4127.65,4127.8,11,1,56,4,360,13,1,5,26,38,1,1,4,1,3,1,1,1,2,2,dp,NSE:TCS-EQ,1734956067.446787
4126.65,4126.05,4126.0,4125.85,4125.8,4127.75,4127.8,4127.85,4127.95,4128.0,142,1,58,17,179,14,35,27,1,56,1,1,6,3,2,3,4,3,1,5,dp,NSE:TCS-EQ,1734956068.73301
4126.65,4126.05,4126.0,4125.85,4125.8,4127.7,4127.75,4127.8,4127.85,4127.95,115,2,58,13,179,13,65,12,22,1,1,2,6,1,2,2,5,1,2,1,dp,NSE:TCS-EQ,1734956070.16622
4125.75,4125.35,4125.25,4125.15,4125.05,4126.6,4126.65,4126.7,4126.75,4126.8,28,27,1,32,1,20,11,3,13,25,1,1,1,2,1,2,2,1,1,4,dp,NSE:TCS-EQ,1734956070.634276
4125.75,4125.25,4125.15,4125.05,4125.0,4126.65,4126.7,4126.75,4126.8,4126.85,28,1,28,25,306,3,14,1,21,23,1,1,1,2,11,1,2,1,2,2,dp,NSE:TCS-EQ,1734956071.038615
4125.65,4125.4,4125.3,4125.25,4125.15,4126.9,4127.05,4127.1,4127.15,4127.2,71,175,10,1,32,3,4,3,19,3,1,1,1,1,2,1,1,1,2,1,dp,NSE:TCS-EQ,1734956071.940102
4125.65,4125.4,4125.25,4125.15,4125.1,4126.95,4127.0,4127.1,4127.15,4127.2,71,175,1,42,350,4,10,7,19,3,1,1,1,3,2,1,1,2,2,1,dp,NSE:TCS-EQ,1734956072.347235
4125.65,4125.6,4125.4,4125.25,4125.15,4126.95,4127.1,4127.15,4127.2,4127.25,120,81,175,1,42,9,7,19,3,3,1,2,1,1,3,1,2,2,1,1,dp,NSE:TCS-EQ,1734956072.753899
4126.15,4125.65,4125.6,4125.45,4125.4,4126.95,4127.1,4127.15,4127.25,4127.3,2,120,81,1,175,57,3,19,3,21,1,1,2,1,1,3,1,2,1,4,dp,NSE:TCS-EQ,1734956073.135379
4125.8,4125.75,4125.65,4125.6,4125.45,4126.95,4127.25,4127.3,4127.5,4127.55,2,10,94,81,1,35,3,2,10,21,1,1,1,2,1,2,1,1,1,3,dp,NSE:TCS-EQ,1734956073.847571
4125.85,4125.8,4125.75,4125.65,4125.6,4126.95,4127.3,4127.5,4127.55,4127.6,26,2,25,97,81,35,2,10,21,38,2,1,2,2,2,2,1,1,3,3,dp,NSE:TCS-EQ,1734956074.349419
4126.15,4126.1,4126.05,4126.0,4125.8,4126.95,4127.7,4127.75,4127.8,4127.85,4,1,10,13,51,11,13,4,2,48,1,1,1,1,3,1,1,1,1,3,dp,NSE:TCS-EQ,1734956074.733798
4126.1,4125.8,4125.75,4125.7,4125.65,4126.15,4126.9,4126.95,4127.45,4127.55,1,6,94,71,68,3,2,11,4,2,1,2,1,1,2,1,1,1,1,1,dp,NSE:TCS-EQ,1734956075.0355
4126.1,4125.8,4125.7,4125.65,4125.55,4126.15,4126.65,4126.9,4126.95,4127.35,1,4,269,74,4,3,9,2,11,39,1,1,2,2,1,1,1,1,1,2,dp,NSE:TCS-EQ,1734956075.954279
4125.65,4125.6,4125.25,4125.15,4125.1,4126.15,4126.65,4126.95,4127.1,4127.15,272,71,1,50,175,3,19,11,37,20,3,1,1,4,1,1,2,1,2,1,dp,NSE:TCS-EQ,1734956076.372115
4125.55,4125.25,4125.15,4125.05,4125.0,4126.1,4126.15,4126.4,4126.45,4126.55,2,1,15,1,400,75,6,2,10,12,2,1,1,1,12,3,2,1,1,1,dp,NSE:TCS-EQ,1734956077.152501
4125.25,4125.05,4125.0,4124.75,4124.7,4125.55,4125.65,4126.05,4126.15,4126.45,1,1,306,24,81,1,3,93,20,10,1,1,11,1,2,1,1,2,3,1,dp,NSE:TCS-EQ,1734956077.944192
4125.25,4125.05,4125.0,4124.9,4124.75,4125.5,4125.55,4125.65,4126.05,4126.15,1,1,306,175,199,80,1,3,25,20,1,1,11,1,2,1,1,1,2,3,dp,NSE:TCS-EQ,1734956078.341968
4125.2,4125.05,4125.0,4124.9,4124.75,4125.5,4125.55,4125.65,4126.05,4126.1,11,1,306,175,175,72,1,3,25,2,1,1,11,1,1,1,1,1,2,1,dp,NSE:TCS-EQ,1734956079.148184
4125.2,4125.05,4125.0,4124.9,4124.75,4125.45,4125.5,4125.55,4125.65,4126.05,11,16,306,175,175,1,82,1,3,25,1,2,11,1,1,1,2,1,1,2,dp,NSE:TCS-EQ,1734956079.544287
4125.2,4125.15,4125.05,4125.0,4124.9,4125.4,4125.45,4125.5,4125.55,4126.05,10,175,16,306,175,67,1,10,1,12,1,1,2,11,1,1,1,1,1,1,dp,NSE:TCS-EQ,1734956080.356572
4125.15,4125.05,4125.0,4124.9,4124.85,4125.4,4125.45,4125.5,4125.55,4126.05,175,1,306,175,175,74,1,10,1,12,1,1,11,1,1,3,1,1,1,1,dp,NSE:TCS-EQ,1734956081.14936
4125.1,4125.05,4125.0,4124.9,4124.85,4125.4,4125.45,4125.5,4125.55,4126.0,172,1,306,175,175,74,1,10,1,2,1,1,11,1,1,3,1,1,1,1,dp,NSE:TCS-EQ,1734956081.55272
4125.15,4125.05,4125.0,4124.9,4124.85,4125.4,4125.45,4125.5,4125.55,4126.05,172,1,306,175,175,74,1,10,1,12,1,1,11,1,1,3,1,1,1,1,dp,NSE:TCS-EQ,1734956081.940999
4125.0,4124.9,4124.85,4124.8,4124.5,4125.15,4125.35,4125.4,4125.45,4125.5,245,175,175,274,175,3,4,12,1,10,7,1,1,3,1,1,1,2,1,1,dp,NSE:TCS-EQ,1734956082.75142
4125.0,4124.95,4124.85,4124.8,4124.7,4125.15,4125.35,4125.4,4125.45,4125.5,237,175,175,274,175,1,4,12,1,10,8,1,1,3,1,1,1,2,1,1,dp,NSE:TCS-EQ,1734956083.559261
4125.0,4124.95,4124.85,4124.8,4124.5,4125.4,4125.45,4125.5,4126.05,4126.4,224,175,175,274,175,12,1,10,12,12,8,1,1,3,1,2,1,1,1,2,dp,NSE:TCS-EQ,1734956084.04802
4125.05,4125.0,4124.95,4124.85,4124.8,4126.55,4126.6,4126.65,4126.75,4126.8,15,224,175,175,274,10,11,33,4,20,1,8,1,1,3,1,1,3,1,2,dp,NSE:TCS-EQ,1734956084.741574
4125.0,4124.95,4124.8,4124.4,4124.35,4126.0,4126.05,4126.1,4126.15,4126.2,185,175,99,181,13,34,11,13,24,15,9,1,2,2,1,3,1,1,2,3,dp,NSE:TCS-EQ,1734956085.136904
4125.55,4125.0,4124.95,4124.8,4124.7,4126.0,4126.05,4126.1,4126.15,4126.2,10,185,175,99,175,29,11,13,24,14,1,9,1,2,1,3,1,1,2,2,dp,NSE:TCS-EQ,1734956085.551553
4125.55,4125.0,4124.75,4124.7,4124.55,4125.95,4126.0,4126.05,4126.1,4126.15,8,185,28,71,175,54,23,11,13,9,1,9,1,1,1,5,2,1,1,1,dp,NSE:TCS-EQ,1734956086.467886
4125.55,4125.0,4124.75,4124.7,4124.55,4125.95,4126.0,4126.05,4126.1,4126.15,8,185,28,71,175,41,23,22,13,9,1,9,1,1,1,4,2,2,1,1,dp,NSE:TCS-EQ,1734956086.779247
4125.55,4125.0,4124.75,4124.7,4124.55,4125.65,4125.95,4126.2,4126.3,4126.4,9,185,205,71,175,4,12,15,12,13,2,9,3,1,1,1,1,1,1,1,dp,NSE:TCS-EQ,1734956087.65015
4124.75,4124.7,4124.6,4124.4,4124.35,4125.0,4125.65,4125.85,4125.9,4126.15,175,71,175,175,175,630,1,1,4,4,1,1,1,1,1,1,1,1,1,1,dp,NSE:TCS-EQ,1734956088.855859
4124.75,4124.7,4124.6,4124.4,4124.35,4125.0,4125.65,4125.95,4126.2,4126.25,48,71,175,175,175,105,1,4,5,1,1,1,1,1,1,1,1,1,2,1,dp,NSE:TCS-EQ,1734956090.052707
4124.7,4124.65,4124.6,4124.55,4124.5,4125.0,4125.65,4125.95,4126.15,4126.2,71,10,175,10,10,397,1,4,1,4,1,1,1,1,1,5,1,1,1,1,dp,NSE:TCS-EQ,1734956090.74427
4124.75,4124.7,4124.6,4124.4,4124.3,4125.0,4125.65,4125.9,4125.95,4126.0,25,71,175,525,175,1027,1,1,4,1,1,1,1,3,1,5,1,1,1,1,dp,NSE:TCS-EQ,1734956092.054126
4124.75,4124.7,4124.6,4124.4,4124.15,4125.0,4125.6,4125.65,4126.25,4126.35,57,71,10,525,10,1084,1,1,5,13,1,1,1,3,1,6,1,1,2,1,dp,NSE:TCS-EQ,1734956093.252052
4124.7,4124.65,4124.6,4124.55,4124.5,4125.0,4125.65,4126.3,4126.35,4126.45,40,2,25,175,175,436,1,1,47,23,2,2,3,1,1,2,1,1,4,1,dp,NSE:TCS-EQ,1734956093.945971
4124.75,4124.7,4124.6,4124.5,4124.4,4124.9,4125.65,4125.9,4126.0,4126.25,347,175,175,5,360,39,33,14,1,2,2,1,1,1,3,1,1,2,1,1,dp,NSE:TCS-EQ,1734956095.148072
4124.85,4124.75,4124.7,4124.6,4124.5,4124.9,4125.65,4125.9,4126.2,4126.25,176,129,175,175,5,39,33,18,15,2,2,2,1,1,1,1,1,3,1,1,dp,NSE:TCS-EQ,1734956096.361415
4124.85,4124.75,4124.6,4124.5,4124.45,4125.65,4125.9,4126.25,4126.3,4126.35,2,114,185,5,10,28,14,3,18,23,2,1,2,1,1,1,2,2,1,2,dp,NSE:TCS-EQ,1734956097.260139
4124.75,4124.6,4124.5,4124.45,4124.25,4124.85,4125.0,4125.6,4125.65,4125.9,114,175,5,10,4,3,10,1,28,14,1,1,1,1,1,1,1,1,1,2,dp,NSE:TCS-EQ,1734956098.049654
4124.75,4124.7,4124.6,4124.5,4124.45,4124.85,4125.0,4125.65,4125.9,4125.95,115,175,175,5,200,3,10,34,14,11,2,1,1,1,3,1,1,2,2,1,dp,NSE:TCS-EQ,1734956098.358293
4124.75,4124.7,4124.6,4124.5,4124.45,4124.85,4125.0,4125.65,4125.9,4126.05,115,175,175,5,200,3,10,34,14,10,2,1,1,1,3,1,1,2,2,1,dp,NSE:TCS-EQ,1734956098.855644
4125.0,4124.75,4124.6,4124.5,4124.45,4125.05,4125.65,4125.9,4126.25,4126.3,4,115,12,5,185,1,34,14,2,18,1,2,1,1,2,1,2,2,1,1,dp,NSE:TCS-EQ,1734956099.654929
4125.05,4125.0,4124.75,4124.5,4124.45,4125.85,4125.9,4126.25,4126.35,4126.4,22,30,115,5,10,17,14,3,5,84,1,2,2,1,1,1,2,2,1,5,dp,NSE:TCS-EQ,1734956100.864904
4125.0,4124.75,4124.5,4124.45,4124.4,4125.05,4125.85,4125.9,4126.2,4126.25,30,115,5,185,175,2,1,31,13,48,2,2,1,2,1,1,1,3,1,4,dp,NSE:TCS-EQ,1734956102.111368
4125.0,4124.75,4124.5,4124.45,4124.4,4125.9,4126.2,4126.25,4126.3,4126.35,26,115,5,185,175,30,13,48,14,26,2,2,1,2,1,3,1,4,1,2,dp,NSE:TCS-EQ,1734956102.882199
4125.0,4124.75,4124.5,4124.45,4124.3,4125.9,4126.2,4126.25,4126.3,4126.35,26,3,5,10,175,30,13,55,14,26,2,1,1,1,1,3,1,6,1,2,dp,NSE:TCS-EQ,1734956103.331952
4125.0,4124.75,4124.5,4124.45,4124.25,4125.45,4125.55,4125.7,4125.85,4125.9,34,3,5,10,28,63,10,19,36,17,1,1,1,1,1,1,1,2,2,3,dp,NSE:TCS-EQ,1734956104.103189
4124.25,4124.1,4124.0,4123.9,4123.8,4125.55,4125.6,4125.65,4125.7,4125.8,4,175,17,350,19,7,8,30,19,31,1,1,3,2,1,1,2,4,2,2,dp,NSE:TCS-EQ,1734956105.455932
4125.05,4124.85,4124.7,4124.3,4124.25,4125.9,4126.2,4126.3,4126.35,4126.4,1,20,171,1,5,10,38,10,26,52,1,1,1,1,2,1,2,1,3,3,dp,NSE:TCS-EQ,1734956106.647237
4124.1,4124.0,4123.9,4123.7,4123.6,4125.0,4125.4,4125.45,4125.5,4125.65,164,23,350,175,175,1,13,25,31,4,1,4,2,1,1,1,1,2,3,1,dp,NSE:TCS-EQ,1734956107.55208
4124.8,4124.6,4124.5,4124.4,4124.3,4125.0,4125.05,4125.4,4125.45,4125.5,116,10,22,175,350,1,3,8,24,13,2,1,2,1,2,1,1,1,1,2,dp,NSE:TCS-EQ,1734956108.143861
4125.55,4124.8,4124.65,4124.6,4124.5,4126.3,4126.4,4126.45,4126.5,4126.55,2,116,6,13,7,10,38,23,12,5,2,2,1,1,1,1,2,1,1,1,dp,NSE:TCS-EQ,1734956109.010167
4125.55,4125.0,4124.8,4124.65,4124.6,4126.3,4126.4,4126.45,4126.5,4126.55,1,170,116,6,13,10,38,23,12,5,1,1,2,1,1,1,2,1,1,1,dp,NSE:TCS-EQ,1734956110.088073
4125.55,4125.0,4124.8,4124.65,4124.6,4126.3,4126.4,4126.45,4126.5,4126.55,7,171,116,6,13,11,38,23,12,5,1,2,2,1,1,2,2,1,1,1,dp,NSE:TCS-EQ,1734956111.496605
4126.0,4125.55,4125.05,4125.0,4124.8,4126.3,4126.4,4126.45,4126.5,4126.55,3,8,8,171,116,1,38,23,12,5,1,2,2,2,2,1,2,1,1,1,dp,NSE:TCS-EQ,1734956112.082532
4126.0,4125.6,4125.55,4125.05,4125.0,4126.3,4126.4,4126.45,4126.5,4126.55,2,17,8,8,1,1,38,23,12,5,1,1,2,2,1,1,2,1,1,1,dp,NSE:TCS-EQ,1734956113.28674
4126.0,4125.6,4125.55,4125.1,4125.05,4126.45,4126.6,4126.75,4126.8,4126.95,2,17,8,13,32,15,22,31,25,3,1,1,2,1,3,1,1,2,1,1,dp,NSE:TCS-EQ,1734956114.761986
4125.6,4125.55,4125.05,4125.0,4124.85,4126.0,4126.4,4126.45,4126.6,4126.7,17,8,2,1,115,1,11,15,22,1,1,2,1,1,1,1,1,1,1,1,dp,NSE:TCS-EQ,1734956115.011579
4126.0,4125.6,4125.55,4125.15,4125.05,4126.45,4126.6,4126.7,4126.75,4126.8,6,17,1,4,8,15,22,1,41,41,1,1,1,1,2,1,1,1,3,3,dp,NSE:TCS-EQ,1734956115.784895
4126.25,4126.0,4125.6,4125.55,4125.15,4126.45,4126.6,4126.7,4126.75,4126.8,8,6,17,1,10,14,22,1,41,41,1,1,1,1,2,1,1,1,3,3,dp,NSE:TCS-EQ,1734956116.349265
4126.25,4126.0,4125.55,4125.25,4125.15,4126.3,4127.0,4127.15,4127.2,4127.25,10,6,1,21,30,54,20,1,10,1,1,1,1,1,2,2,1,1,1,1,dp,NSE:TCS-EQ,1734956116.979822
4126.25,4126.0,4125.55,4125.25,4125.15,4126.3,4127.0,4127.15,4127.2,4127.25,10,8,1,21,30,54,20,1,10,1,1,2,1,1,2,2,1,1,1,1,dp,NSE:TCS-EQ,1734956117.317176
4126.25,4126.15,4126.0,4125.55,4125.15,4126.3,4126.8,4127.0,4127.05,4127.15,10,2,8,1,26,12,4,21,29,1,1,2,2,1,1,1,1,2,2,1,dp,NSE:TCS-EQ,1734956118.428474
4126.25,4126.15,4126.0,4125.55,4125.15,4126.3,4126.8,4127.0,4127.05,4127.2,10,2,8,1,26,12,4,22,29,39,1,2,2,1,1,1,1,3,2,2,dp,NSE:TCS-EQ,1734956118.690218
4126.25,4126.15,4126.0,4125.55,4125.2,4126.85,4126.9,4126.95,4127.0,4127.05,2,2,8,1,37,1,4,6,22,25,1,2,2,1,2,1,1,1,3,1,dp,NSE:TCS-EQ,1734956120.085978
4126.25,4126.15,4126.0,4125.55,4125.05,4126.85,4127.0,4127.05,4127.15,4127.2,16,2,2,1,37,1,21,25,1,54,2,2,1,1,2,1,2,1,1,3,dp,NSE:TCS-EQ,1734956120.189345
4126.25,4126.15,4126.0,4125.55,4125.15,4126.85,4127.0,4127.05,4127.15,4127.2,16,2,2,1,12,7,25,25,1,39,2,2,1,1,1,1,2,1,1,2,dp,NSE:TCS-EQ,1734956121.109522
4126.0,4125.55,4125.0,4124.8,4124.6,4126.25,4126.3,4126.5,4126.55,4126.65,2,1,18,115,12,7,17,12,34,10,1,1,2,1,1,1,2,1,2,1,dp,NSE:TCS-EQ,1734956121.172033
4125.55,4125.0,4124.8,4124.5,4124.35,4125.95,4126.0,4126.3,4126.45,4126.5,1,18,115,1,12,7,2,29,5,25,1,2,1,1,1,1,1,3,1,4,dp,NSE:TCS-EQ,1734956121.367269
4125.55,4125.0,4124.8,4124.5,4124.35,4125.95,4126.0,4126.3,4126.45,4126.5,1,18,115,1,12,2,9,29,5,13,1,2,1,1,1,1,2,3,1,3,dp,NSE:TCS-EQ,1734956122.678213
4125.55,4125.0,4124.8,4124.5,4124.35,4125.95,4126.0,4126.3,4126.45,4126.5,1,18,115,1,12,1,9,29,5,12,1,2,1,1,1,1,2,3,1,2,dp,NSE:TCS-EQ,1734956123.009662
4125.55,4125.45,4125.0,4124.8,4124.5,4126.0,4126.3,4126.45,4126.5,4126.55,1,1,18,115,1,2,4,5,18,25,1,1,2,1,1,1,1,1,3,2,dp,NSE:TCS-EQ,1734956123.930274
4125.55,4125.45,4125.0,4124.8,4124.5,4126.25,4126.3,4126.5,4126.55,4126.6,1,1,18,115,1,7,7,19,10,1,1,1,2,1,1,1,1,3,1,1,dp,NSE:TCS-EQ,1734956125.425184
4125.45,4125.0,4124.8,4124.5,4124.35,4126.25,4126.3,4126.5,4126.55,4126.6,1,18,115,1,12,7,7,20,10,26,1,2,1,1,1,1,1,4,1,1,dp,NSE:TCS-EQ,1734956125.818588
4125.55,4125.45,4125.0,4124.8,4124.5,4126.25,4126.3,4126.45,4126.5,4126.55,23,1,18,115,1,7,7,19,19,35,1,1,2,1,1,1,1,2,3,2,dp,NSE:TCS-EQ,1734956127.426631
4126.05,4126.0,4125.55,4125.45,4125.0,4126.25,4126.3,4126.45,4126.5,4126.55,23,20,23,1,18,7,7,19,19,25,1,1,1,1,2,1,1,2,3,1,dp,NSE:TCS-EQ,1734956128.069761
4126.05,4126.0,4125.55,4125.45,4125.0,4126.25,4126.5,4126.65,4126.75,4126.8,5,20,23,1,18,15,12,4,5,2,1,1,1,1,2,1,2,1,1,1,dp,NSE:TCS-EQ,1734956128.593728
4126.05,4126.0,4125.55,4125.45,4125.2,4126.25,4126.5,4126.65,4126.75,4126.8,5,20,23,1,5,15,4,4,5,2,1,1,1,1,1,1,1,1,1,1,dp,NSE:TCS-EQ,1734956129.046789
4126.1,4126.05,4126.0,4125.75,4125.55,4126.25,4126.5,4126.65,4126.75,4126.8,1,6,20,1,23,15,4,19,5,2,1,2,1,1,1,1,1,2,1,1,dp,NSE:TCS-EQ,1734956129.851242
4126.1,4126.05,4126.0,4125.75,4125.55,4126.25,4126.5,4126.65,4126.75,4126.8,1,6,20,1,23,16,4,19,5,2,1,2,1,1,1,2,1,2,1,1,dp,NSE:TCS-EQ,1734956130.560675
4126.25,4126.1,4126.05,4126.0,4125.75,4126.8,4126.95,4127.05,4127.15,4127.2,6,1,6,20,1,2,20,25,1,52,1,1,2,1,1,1,1,1,1,3,dp,NSE:TCS-EQ,1734956131.034203
4126.25,4126.1,4126.05,4126.0,4125.75,4126.8,4126.95,4127.05,4127.1,4127.15,7,1,6,20,1,2,20,25,10,1,2,1,2,1,1,1,1,1,1,1,dp,NSE:TCS-EQ,1734956131.681485
4126.25,4126.1,4126.05,4126.0,4125.75,4126.65,4126.7,4126.8,4126.95,4127.0,5,1,6,20,1,10,7,2,20,4,2,1,2,1,1,1,1,1,1,2,dp,NSE:TCS-EQ,1734956132.635502
4126.25,4126.1,4126.05,4126.0,4125.75,4126.75,4126.8,4126.95,4127.0,4127.05,4,1,6,20,1,4,2,20,3,26,2,1,2,1,1,1,1,1,1,2,dp,NSE:TCS-EQ,1734956133.019303
4126.25,4126.1,4126.05,4126.0,4125.75,4126.75,4126.8,4127.0,4127.05,4127.1,4,1,6,20,1,4,2,3,26,10,2,1,2,1,1,1,1,1,2,1,dp,NSE:TCS-EQ,1734956133.8212
4126.25,4126.05,4126.0,4125.75,4125.45,4126.75,4127.1,4127.2,4127.25,4127.4,4,6,20,1,1,16,25,10,4,1,2,2,1,1,1,2,1,1,1,1,dp,NSE:TCS-EQ,1734956135.068156
4126.25,4126.05,4126.0,4125.75,4125.45,4126.75,4127.1,4127.15,4127.2,4127.25,1,6,20,1,1,8,25,27,11,19,1,2,1,1,1,2,1,1,2,2,dp,NSE:TCS-EQ,1734956136.452241
4126.1,4126.05,4126.0,4125.75,4125.45,4126.45,4126.75,4126.95,4127.1,4127.15,1,4,20,1,1,57,4,15,26,26,1,2,1,1,1,2,1,1,2,1,dp,NSE:TCS-EQ,1734956137.848985
4125.75,4125.45,4125.05,4125.0,4124.85,4126.0,4126.05,4126.45,4126.75,4126.8,1,1,1,939,5,43,3,57,14,1,1,1,1,7,1,1,1,2,2,1,dp,NSE:TCS-EQ,1734956138.834599
4125.45,4125.0,4124.75,4124.7,4124.65,4125.75,4126.0,4126.05,4126.45,4126.6,1,939,18,176,5,1,35,3,57,4,1,7,2,2,1,1,1,1,2,1,dp,NSE:TCS-EQ,1734956139.392814
4125.0,4124.8,4124.75,4124.7,4124.6,4125.75,4125.95,4126.05,4126.4,4126.45,890,1,19,237,24,2,1,3,5,57,4,1,1,3,2,1,1,1,1,2,dp,NSE:TCS-EQ,1734956139.847449
4125.05,4125.0,4124.8,4124.75,4124.7,4125.75,4125.95,4126.4,4126.45,4126.6,22,855,1,19,237,2,1,5,57,39,1,3,1,1,3,1,1,1,2,2,dp,NSE:TCS-EQ,1734956140.387129
4125.05,4125.0,4124.8,4124.75,4124.7,4125.75,4125.95,4126.4,4126.45,4126.6,22,855,1,19,237,3,1,5,57,39,1,3,1,1,3,2,1,1,2,2,dp,NSE:TCS-EQ,1734956141.357747
4125.05,4125.0,4124.8,4124.75,4124.7,4125.75,4125.95,4126.25,4126.4,4126.45,19,855,1,19,237,3,1,2,12,57,1,3,1,1,3,2,1,1,2,2,dp,NSE:TCS-EQ,1734956141.662902
4125.05,4125.0,4124.75,4124.7,4124.65,4125.75,4125.95,4126.25,4126.4,4126.6,20,855,19,237,2,1,1,2,7,37,2,3,1,3,1,1,1,1,1,2,dp,NSE:TCS-EQ,1734956142.435861
4125.1,4125.05,4125.0,4124.75,4124.7,4125.75,4125.95,4126.25,4126.6,4126.75,7,19,855,19,237,1,1,2,37,17,2,1,3,1,3,1,1,1,2,2,dp,NSE:TCS-EQ,1734956143.021423
4125.1,4125.05,4125.0,4124.75,4124.7,4125.75,4125.95,4126.25,4126.6,4126.75,1,19,855,19,237,1,1,2,37,17,1,1,3,1,3,1,1,1,2,2,dp,NSE:TCS-EQ,1734956143.336544
4125.5,4125.1,4125.05,4125.0,4124.8,4125.95,4126.0,4126.25,4126.6,4126.7,4,17,3,857,1,1,175,2,7,1,1,1,1,5,1,1,1,1,1,1,dp,NSE:TCS-EQ,1734956143.898482
4125.5,4125.1,4125.05,4125.0,4124.8,4125.95,4126.0,4126.25,4126.6,4126.7,3,17,1,857,1,1,175,2,7,1,1,1,1,5,1,1,1,1,1,1,dp,NSE:TCS-EQ,1734956145.184543
4125.75,4125.5,4125.1,4125.05,4125.0,4125.95,4126.0,4126.25,4126.3,4126.65,10,2,17,2,857,1,175,2,17,17,1,2,1,2,5,1,1,1,2,1,dp,NSE:TCS-EQ,1734956146.407339
4125.75,4125.5,4125.1,4125.05,4125.0,4125.95,4126.0,4126.2,4126.25,4126.3,10,2,17,2,857,1,175,4,2,10,1,2,1,2,5,1,1,1,1,1,dp,NSE:TCS-EQ,1734956147.159052
4125.9,4125.75,4125.5,4125.1,4125.05,4125.95,4126.0,4126.2,4126.25,4126.3,1,9,2,17,2,4,175,4,2,7,1,1,2,1,2,2,1,1,1,1,dp,NSE:TCS-EQ,1734956148.290589
4125.75,4125.5,4125.1,4125.05,4125.0,4125.9,4125.95,4126.0,4126.2,4126.25,9,2,17,2,857,1,3,175,4,2,1,2,1,2,5,1,1,1,1,1,dp,NSE:TCS-EQ,1734956149.230338
4125.75,4125.5,4125.1,4125.05,4125.0,4125.95,4126.0,4126.2,4126.25,4126.45,9,2,17,2,857,2,175,4,2,4,1,2,1,2,5,1,1,1,1,1,dp,NSE:TCS-EQ,1734956149.597531
4125.0,4124.75,4124.7,4124.5,4124.4,4126.0,4126.2,4126.25,4126.35,4126.45,415,1,176,10,12,176,19,2,7,7,5,1,2,3,1,2,2,1,1,2,dp,NSE:TCS-EQ,1734956150.345505
4125.0,4124.75,4124.7,4124.5,4124.4,4126.0,4126.2,4126.25,4126.35,4126.45,267,1,191,10,27,136,4,2,7,7,5,1,3,3,2,2,1,1,1,2,dp,NSE:TCS-EQ,1734956150.862279
4125.15,4125.0,4124.75,4124.7,4124.55,4126.0,4126.2,4126.25,4126.4,4126.45,42,267,16,176,4,136,4,12,7,4,1,5,2,2,1,2,1,2,1,1,dp,NSE:TCS-EQ,1734956151.64374
4125.0,4124.7,4124.55,4124.5,4124.45,4125.9,4125.95,4126.0,4126.15,4126.2,150,176,1,10,19,10,1,210,7,4,5,2,1,3,1,1,1,3,1,1,dp,NSE:TCS-EQ,1734956152.1164
4125.0,4124.7,4124.55,4124.5,4124.45,4125.95,4126.0,4126.15,4126.2,4126.25,118,176,1,10,19,6,210,7,4,12,5,2,1,3,1,2,3,1,1,2,dp,NSE:TCS-EQ,1734956153.105091
4125.0,4124.7,4124.55,4124.5,4124.45,4125.9,4125.95,4126.0,4126.2,4126.25,111,176,1,10,19,12,32,219,4,31,5,2,1,3,1,2,3,4,1,4,dp,NSE:TCS-EQ,1734956154.165559
4125.0,4124.7,4124.5,4124.35,4124.3,4125.85,4125.9,4125.95,4126.0,4126.2,109,176,6,1,194,7,112,31,210,19,5,2,2,1,2,1,4,2,3,2,dp,NSE:TCS-EQ,1734956155.136409
4125.0,4124.7,4124.5,4124.3,4124.2,4125.8,4125.85,4125.9,4125.95,4126.0,100,176,6,194,1,38,8,90,31,280,6,2,2,2,1,3,2,2,2,3,dp,NSE:TCS-EQ,1734956156.40553
4125.7,4125.65,4125.05,4125.0,4124.7,4125.8,4125.9,4126.0,4126.15,4126.2,14,25,25,96,176,26,83,206,15,6,1,1,1,6,2,1,1,2,1,2,dp,NSE:TCS-EQ,1734956157.574539
4125.05,4125.0,4124.7,4124.55,4124.5,4125.65,4126.0,4126.2,4126.25,4126.4,23,96,176,1,6,8,122,21,19,17,1,6,2,1,2,1,1,3,3,2,dp,NSE:TCS-EQ,1734956158.80497
4125.1,4125.05,4125.0,4124.75,4124.7,4125.6,4125.65,4126.0,4126.15,4126.2,1,191,96,1,176,1,8,122,15,6,1,2,6,1,2,1,1,1,1,2,dp,NSE:TCS-EQ,1734956160.173457
4125.6,4125.05,4125.0,4124.75,4124.7,4125.65,4126.0,4126.2,4126.25,4126.4,3,191,94,1,176,4,122,6,9,17,1,2,4,1,2,1,1,2,2,2,dp,NSE:TCS-EQ,1734956161.666425
4125.6,4125.05,4125.0,4124.75,4124.7,4125.65,4126.0,4126.1,4126.2,4126.25,6,191,94,1,176,4,122,7,6,2,1,2,4,1,2,1,1,1,2,1,dp,NSE:TCS-EQ,1734956162.994339
4125.6,4125.05,4125.0,4124.75,4124.7,4125.65,4126.0,4126.1,4126.2,4126.25,6,191,94,1,176,9,122,7,6,2,1,2,4,1,2,2,1,1,2,1,dp,NSE:TCS-EQ,1734956163.112019
4125.05,4125.0,4124.75,4124.7,4124.5,4125.6,4125.65,4126.0,4126.15,4126.2,187,174,1,176,6,5,5,122,7,6,2,5,1,2,2,1,1,1,1,2,dp,NSE:TCS-EQ,1734956163.9116
4125.05,4125.0,4124.7,4124.55,4124.5,4125.6,4125.65,4125.9,4126.0,4126.1,186,174,176,1,6,20,5,15,122,7,2,5,2,1,2,2,1,1,1,1,dp,NSE:TCS-EQ,1734956165.59689
4125.1,4125.05,4125.0,4124.75,4124.7,4125.6,4125.65,4126.0,4126.1,4126.2,175,186,174,1,176,5,5,122,7,6,1,2,5,1,2,1,1,1,1,2,dp,NSE:TCS-EQ,1734956166.059856
4125.05,4125.0,4124.7,4124.55,4124.5,4125.65,4125.85,4125.9,4125.95,4126.0,161,174,176,1,6,5,1,221,15,122,1,5,2,1,2,1,1,1,1,1,dp,NSE:TCS-EQ,1734956167.158576
4125.05,4125.0,4124.7,4124.55,4124.5,4125.65,4125.9,4126.0,4126.1,4126.2,139,174,176,1,6,5,221,122,7,6,2,5,2,1,2,1,1,1,1,2,dp,NSE:TCS-EQ,1734956167.974712
4125.05,4125.0,4124.95,4124.7,4124.55,4125.65,4125.9,4126.0,4126.05,4126.2,147,182,2,184,1,5,221,122,7,6,3,6,2,3,1,1,1,1,1,2,dp,NSE:TCS-EQ,1734956168.7837
4125.7,4125.65,4125.6,4125.05,4125.0,4125.9,4126.0,4126.2,4126.25,4126.3,2,1,2,3,187,220,198,6,2,7,2,1,2,1,7,1,2,2,1,1,dp,NSE:TCS-EQ,1734956169.32893
4125.65,4125.0,4124.95,4124.75,4124.7,4125.9,4126.0,4126.1,4126.2,4126.25,2,187,2,4,184,219,198,20,6,2,2,7,2,1,3,1,2,1,2,1,dp,NSE:TCS-EQ,1734956170.096579
4125.65,4125.0,4124.95,4124.75,4124.7,4125.9,4126.0,4126.2,4126.25,4126.35,1,192,2,4,184,218,198,6,2,1,1,8,2,1,3,2,2,2,1,1,dp,NSE:TCS-EQ,1734956170.983299
4125.65,4125.0,4124.95,4124.75,4124.7,4125.9,4126.0,4126.2,4126.25,4126.35,1,201,2,4,176,218,198,6,2,1,1,9,2,1,2,2,2,2,1,1,dp,NSE:TCS-EQ,1734956172.14698
4125.8,4125.65,4125.2,4125.05,4125.0,4125.9,4126.0,4126.2,4126.25,4126.45,1,1,23,39,201,222,122,4,2,4,1,1,1,2,9,2,1,1,1,1,dp,NSE:TCS-EQ,1734956172.825518
4125.8,4125.65,4125.05,4125.0,4124.95,4125.9,4126.0,4126.2,4126.25,4126.45,1,1,39,201,2,214,122,4,2,4,1,1,2,9,2,2,1,1,1,1,dp,NSE:TCS-EQ,1734956173.15506
4125.8,4125.65,4125.05,4125.0,4124.95,4125.9,4126.0,4126.25,4126.55,4126.6,14,1,39,201,2,208,122,2,1,12,2,1,2,9,2,2,1,1,1,1,dp,NSE:TCS-EQ,1734956174.100671
4125.8,4125.65,4125.05,4125.0,4124.95,4125.9,4126.0,4126.25,4126.6,4126.65,1,1,39,201,2,208,122,2,13,23,1,1,2,9,2,2,1,1,2,1,dp,NSE:TCS-EQ,1734956175.217514
4125.8,4125.05,4125.0,4124.95,4124.7,4125.9,4126.0,4126.25,4126.55,4126.6,1,39,201,2,9,112,122,2,1,12,1,2,9,2,3,1,1,1,1,1,dp,NSE:TCS-EQ,1734956176.147803
4125.8,4125.05,4125.0,4124.95,4124.85,4125.9,4126.0,4126.25,4126.6,4126.65,1,39,201,2,20,112,122,2,12,23,1,2,9,2,1,1,1,1,1,1,dp,NSE:TCS-EQ,1734956176.752988
4125.05,4125.0,4124.95,4124.7,4124.65,4125.8,4125.9,4125.95,4126.0,4126.25,39,201,2,180,16,67,101,2,122,2,2,9,2,3,2,2,1,1,1,1,dp,NSE:TCS-EQ,1734956177.195313
4125.5,4125.05,4125.0,4124.95,4124.7,4125.8,4125.9,4125.95,4126.0,4126.25,5,39,201,2,180,102,101,2,122,2,1,2,9,2,3,4,1,1,1,1,dp,NSE:TCS-EQ,1734956178.220885
4125.5,4125.05,4125.0,4124.95,4124.75,4125.8,4125.85,4125.9,4126.0,4126.25,6,214,201,2,1,102,2,101,122,2,2,3,9,2,1,4,1,1,1,1,dp,NSE:TCS-EQ,1734956179.586379
4125.05,4125.0,4124.95,4124.7,4124.65,4125.5,4125.75,4125.8,4125.85,4125.9,214,201,2,180,1,2,13,99,2,101,3,9,2,3,1,1,2,3,1,1,dp,NSE:TCS-EQ,1734956180.309586
4125.1,4125.05,4125.0,4124.95,4124.7,4125.5,4125.75,4125.8,4125.9,4126.0,51,175,201,2,180,3,1,101,101,122,1,1,9,2,3,2,1,4,1,1,dp,NSE:TCS-EQ,1734956181.287838
4125.05,4125.0,4124.95,4124.7,4124.65,4125.1,4125.5,4125.75,4125.8,4125.9,169,201,2,180,1,2,1,1,34,101,1,9,2,3,1,1,1,1,2,1,dp,NSE:TCS-EQ,1734956182.420724
4125.05,4125.0,4124.95,4124.7,4124.65,4125.5,4125.75,4125.8,4125.9,4126.0,148,241,2,180,1,1,1,32,101,122,1,10,2,3,1,1,1,1,1,1,dp,NSE:TCS-EQ,1734956184.427557
4125.05,4125.0,4124.7,4124.65,4124.6,4125.5,4125.75,4125.8,4125.9,4126.0,135,241,180,1,197,6,1,32,103,122,1,10,3,1,3,3,1,1,2,1,dp,NSE:TCS-EQ,1734956185.224066
4125.05,4125.0,4124.75,4124.7,4124.65,4125.5,4125.65,4125.75,4125.8,4125.9,132,241,63,180,18,5,5,1,32,103,1,10,3,3,2,2,1,1,1,2,dp,NSE:TCS-EQ,1734956186.439302
4125.1,4125.05,4125.0,4124.75,4124.7,4125.5,4125.65,4125.75,4125.8,4125.9,25,161,341,14,180,2,5,1,32,204,1,2,11,2,3,1,1,1,1,3,dp,NSE:TCS-EQ,1734956187.709722
4125.05,4125.0,4124.75,4124.7,4124.6,4125.65,4125.75,4125.8,4125.9,4126.0,160,341,1,180,13,5,1,32,204,126,2,11,1,3,1,1,1,1,3,2,dp,NSE:TCS-EQ,1734956188.524942
4125.1,4125.05,4125.0,4124.7,4124.65,4125.5,4125.65,4125.8,4125.9,4126.0,1,148,341,180,1,1,5,32,204,126,1,2,11,3,1,1,1,1,3,2,dp,NSE:TCS-EQ,1734956189.628778
4125.05,4125.0,4124.7,4124.65,4124.6,4125.5,4125.65,4125.8,4125.9,4126.0,148,341,180,1,13,1,5,32,204,126,2,11,3,1,1,1,1,1,3,2,dp,NSE:TCS-EQ,1734956190.440843
4125.5,4125.05,4125.0,4124.75,4124.7,4125.65,4125.8,4125.9,4126.0,4126.25,6,148,361,1,180,5,32,204,126,2,1,2,12,1,3,1,1,3,2,1,dp,NSE:TCS-EQ,1734956190.849362
4125.85,4125.6,4125.55,4125.5,4125.4,4125.9,4126.0,4126.25,4126.85,4127.0,206,4,13,40,15,118,126,2,13,105,4,1,1,3,1,2,2,1,1,2,dp,NSE:TCS-EQ,1734956191.626
4125.85,4125.65,4125.6,4125.55,4125.5,4125.9,4126.0,4126.25,4126.85,4127.0,222,12,4,13,40,46,126,2,13,105,6,1,1,1,3,1,2,1,1,2,dp,NSE:TCS-EQ,1734956192.03165
4125.85,4125.6,4125.5,4125.3,4125.25,4125.9,4126.0,4126.25,4126.8,4126.85,5,7,40,15,175,101,126,2,3,13,2,3,3,1,1,1,2,1,1,1,dp,NSE:TCS-EQ,1734956192.941836
4125.85,4125.6,4125.5,4125.25,4125.2,4125.9,4126.0,4126.25,4126.8,4126.85,5,7,40,175,191,100,126,2,3,13,2,3,3,1,2,1,2,1,1,1,dp,NSE:TCS-EQ,1734956193.357214
4125.75,4125.6,4125.5,4125.2,4125.1,4125.85,4125.9,4126.0,4126.25,4126.65,1,3,2,15,5,2,83,126,2,10,1,2,1,1,1,1,3,2,1,1,dp,NSE:TCS-EQ,1734956194.126017
4125.75,4125.6,4125.5,4125.2,4125.1,4125.85,4125.9,4126.0,4126.25,4126.65,1,3,2,15,5,3,83,126,2,10,1,2,1,1,1,2,3,2,1,1,dp,NSE:TCS-EQ,1734956194.841443
4125.75,4125.6,4125.5,4125.1,4125.05,4125.85,4125.9,4126.0,4126.25,4126.65,1,3,2,5,6,3,83,126,2,10,1,2,1,1,1,2,3,2,1,1,dp,NSE:TCS-EQ,1734956195.245563
4125.6,4125.1,4125.05,4125.0,4124.95,4125.75,4125.85,4125.9,4126.0,4126.25,3,5,6,362,4,2,15,83,126,2,2,1,1,11,1,1,2,3,2,1,dp,NSE:TCS-EQ,1734956196.082175
4125.1,4125.05,4125.0,4124.95,4124.7,4125.65,4125.75,4125.85,4125.9,4126.0,5,6,362,175,1,53,16,15,83,126,1,1,11,1,1,2,2,2,3,2,dp,NSE:TCS-EQ,1734956197.785168
4125.25,4125.15,4125.1,4125.05,4125.0,4125.6,4125.65,4125.75,4125.85,4125.9,24,2,1,6,362,3,66,17,15,82,1,2,1,1,11,1,3,3,2,2,dp,NSE:TCS-EQ,1734956198.455511
4125.15,4125.1,4125.05,4125.0,4124.7,4125.55,4125.6,4125.65,4125.75,4125.85,2,1,6,492,176,1,15,66,17,12,2,1,1,12,2,1,2,3,3,1,dp,NSE:TCS-EQ,1734956199.635963
4124.8,4124.7,4124.65,4124.6,4124.5,4125.0,4125.15,4125.25,4125.55,4125.6,201,1,175,175,6,16,2,1,1,13,2,1,1,1,2,2,2,1,1,1,dp,NSE:TCS-EQ,1734956200.845273
4124.8,4124.7,4124.6,4124.5,4124.4,4125.0,4125.15,4125.25,4125.55,4125.6,114,1,175,181,175,25,1,1,1,13,1,1,1,3,1,3,1,1,1,1,dp,NSE:TCS-EQ,1734956202.146314
4124.8,4124.7,4124.5,4124.4,4124.3,4125.0,4125.15,4125.25,4125.55,4125.6,92,1,6,350,175,12,1,1,1,13,1,1,2,2,1,1,1,1,1,1,dp,NSE:TCS-EQ,1734956203.086327
4124.8,4124.7,4124.5,4124.4,4124.35,4125.0,4125.15,4125.25,4125.55,4125.6,52,1,6,350,175,9,1,1,1,13,1,1,2,2,1,1,1,1,1,1,dp,NSE:TCS-EQ,1734956203.421863
4125.0,4124.8,4124.7,4124.5,4124.4,4125.15,4125.25,4125.55,4125.6,4125.65,31,55,1,6,175,1,1,1,13,13,1,2,1,2,1,1,1,1,1,1,dp,NSE:TCS-EQ,1734956204.18937
4125.0,4124.8,4124.7,4124.5,4124.4,4125.15,4125.55,4125.6,4125.65,4125.7,28,55,1,6,175,13,1,13,13,4,1,2,1,2,1,2,1,1,1,1,dp,NSE:TCS-EQ,1734956205.028336
4125.1,4125.0,4124.8,4124.7,4124.5,4125.15,4125.55,4125.6,4125.65,4125.7,7,20,55,1,6,8,1,13,13,4,1,1,2,1,2,1,1,1,1,1,dp,NSE:TCS-EQ,1734956206.188478
4125.1,4125.0,4124.8,4124.7,4124.5,4125.55,4125.6,4125.65,4125.7,4125.75,6,20,55,1,6,9,13,13,4,14,1,1,2,1,2,2,1,1,1,1,dp,NSE:TCS-EQ,1734956207.342177
4125.1,4125.0,4124.8,4124.7,4124.5,4125.55,4125.6,4125.65,4125.7,4125.75,10,21,55,1,6,15,13,13,4,14,1,2,2,1,2,3,1,1,1,1,dp,NSE:TCS-EQ,1734956208.150574
4124.6,4124.55,4124.5,4124.4,4124.3,4125.0,4125.1,4125.55,4125.6,4125.65,538,13,18,175,350,144,1,33,13,13,4,1,3,1,2,1,1,3,1,1,dp,NSE:TCS-EQ,1734956209.375498
4124.75,4124.7,4124.6,4124.55,4124.5,4125.0,4125.1,4125.55,4125.6,4125.65,175,140,188,13,18,138,1,8,13,13,1,1,2,1,3,1,1,1,1,1,dp,NSE:TCS-EQ,1734956210.198876
4124.8,4124.7,4124.6,4124.5,4124.4,4125.0,4125.1,4125.5,4125.55,4125.6,171,140,175,6,175,170,1,4,8,13,2,1,1,2,1,3,1,1,1,1,dp,NSE:TCS-EQ,1734956211.542881
4124.8,4124.7,4124.6,4124.5,4124.4,4125.0,4125.1,4125.5,4125.55,4125.6,169,140,175,181,175,170,1,4,8,13,2,1,1,3,1,3,1,1,1,1,dp,NSE:TCS-EQ,1734956211.670031
4124.8,4124.7,4124.6,4124.5,4124.4,4125.0,4125.1,4125.5,4125.55,4125.6,169,140,175,181,175,56,1,4,8,13,2,1,1,3,1,3,1,1,1,1,dp,NSE:TCS-EQ,1734956212.354407
4124.25,4124.1,4124.0,4123.9,4123.7,4124.8,4125.0,4125.1,4125.3,4125.5,175,482,86,186,350,1,231,1,15,27,1,3,5,3,2,1,3,1,1,2,dp,NSE:TCS-EQ,1734956212.660327
4124.3,4124.25,4124.2,4124.15,4124.1,4125.0,4125.1,4125.45,4125.5,4125.55,175,28,175,175,832,57,1,26,27,23,1,1,1,1,5,2,1,2,2,2,dp,NSE:TCS-EQ,1734956213.031879
4124.2,4124.15,4124.1,4123.8,4123.75,4124.3,4125.0,4125.1,4125.2,4125.3,28,175,175,175,175,22,55,51,19,1,1,1,1,1,1,1,2,2,1,1,dp,NSE:TCS-EQ,1734956213.339806
4124.5,4124.4,4124.3,4124.2,4124.1,4124.75,4124.95,4125.0,4125.1,4125.35,350,152,175,203,175,25,7,62,50,29,2,1,1,2,1,1,1,3,1,2,dp,NSE:TCS-EQ,1734956214.139316
4124.4,4124.3,4124.25,4123.85,4123.7,4124.75,4125.0,4125.1,4125.35,4125.45,152,175,28,175,360,49,55,50,29,1,1,1,1,1,3,2,2,1,2,1,dp,NSE:TCS-EQ,1734956214.546984
4124.4,4124.3,4124.25,4124.2,4124.1,4124.7,4124.75,4125.0,4125.1,4125.35,6,175,28,175,175,7,24,326,50,45,1,1,1,1,1,1,2,3,1,3,dp,NSE:TCS-EQ,1734956214.949385
4124.3,4124.2,4124.1,4123.85,4123.7,4124.7,4124.75,4124.95,4125.0,4125.05,176,175,175,175,175,31,189,1,255,30,2,1,1,1,1,3,5,1,3,2,dp,NSE:TCS-EQ,1734956215.349645
4124.75,4124.7,4124.3,4124.25,4124.15,4125.0,4125.1,4125.25,4125.35,4125.55,175,103,211,28,175,216,10,15,44,6,1,1,3,1,1,2,1,1,3,2,dp,NSE:TCS-EQ,1734956216.167902
4124.3,4124.25,4123.9,4123.85,4123.8,4124.85,4124.9,4124.95,4125.0,4125.1,175,28,10,175,4,25,7,1,228,10,1,1,1,1,1,2,1,1,3,1,dp,NSE:TCS-EQ,1734956217.359951
4124.3,4124.25,4123.85,4123.7,4123.6,4124.85,4124.9,4124.95,4125.0,4125.1,32,28,175,350,354,25,7,1,228,10,1,1,1,2,3,2,1,1,3,1,dp,NSE:TCS-EQ,1734956217.755759
4124.8,4124.3,4124.25,4124.2,4124.05,4124.85,4125.0,4125.1,4125.35,4125.65,110,32,28,177,10,24,216,10,21,18,1,1,1,3,1,2,2,1,1,1,dp,NSE:TCS-EQ,1734956218.562651
4124.8,4124.3,4124.25,4124.2,4124.05,4124.85,4125.0,4125.1,4125.35,4125.65,110,32,28,2,10,24,216,10,21,18,1,1,1,2,1,2,2,1,1,1,dp,NSE:TCS-EQ,1734956218.959213
4124.8,4124.6,4124.3,4124.25,4124.2,4124.85,4125.0,4125.1,4125.35,4125.8,98,175,175,28,2,18,216,10,21,1,2,1,1,1,2,1,2,1,1,1,dp,NSE:TCS-EQ,1734956219.757416
4124.8,4124.6,4124.55,4124.5,4124.45,4125.0,4125.1,4125.9,4126.0,4126.1,57,175,175,10,4,26,10,64,126,13,2,1,1,1,1,2,1,1,2,1,dp,NSE:TCS-EQ,1734956220.648093
4125.25,4125.2,4125.1,4125.05,4125.0,4125.9,4126.0,4126.5,4126.6,4126.75,6,23,44,61,208,64,126,6,13,1,1,1,4,3,3,1,2,1,1,1,dp,NSE:TCS-EQ,1734956221.395384
4126.1,4126.05,4125.95,4125.85,4125.8,4127.0,4127.6,4127.75,4127.8,4127.85,7,17,45,21,60,194,13,1,1,12,1,2,3,2,3,3,1,1,1,1,dp,NSE:TCS-EQ,1734956222.57203
4126.1,4126.05,4126.0,4125.95,4125.85,4127.0,4127.6,4127.75,4127.8,4127.85,14,17,1,45,6,190,13,1,1,12,2,2,1,3,1,3,1,1,1,1,dp,NSE:TCS-EQ,1734956222.949028
4126.1,4126.05,4126.0,4125.95,4125.8,4127.0,4127.55,4127.6,4127.7,4127.75,3,17,1,85,10,186,1,13,10,1,1,2,1,3,2,4,1,1,1,1,dp,NSE:TCS-EQ,1734956223.754049
4126.1,4126.05,4126.0,4125.95,4125.8,4127.0,4127.55,4127.6,4127.7,4127.75,3,17,1,35,10,186,1,13,10,1,1,2,1,2,2,4,1,1,1,1,dp,NSE:TCS-EQ,1734956224.952889
4127.65,4127.45,4127.4,4127.35,4127.3,4128.2,4128.8,4129.0,4129.1,4129.2,10,6,47,2,1,6,3,25,25,9,1,1,2,1,1,1,2,5,2,2,dp,NSE:TCS-EQ,1734956225.074812
4126.8,4126.75,4126.7,4126.65,4126.5,4128.55,4128.6,4128.65,4128.7,4128.75,16,15,32,50,10,29,1,43,17,14,2,1,2,1,1,1,1,3,1,3,dp,NSE:TCS-EQ,1734956225.770812
4127.65,4127.2,4127.05,4126.95,4126.9,4128.55,4128.8,4129.0,4129.1,4129.15,19,4,31,28,16,24,3,25,42,3,2,1,2,1,2,1,2,5,3,1,dp,NSE:TCS-EQ,1734956226.730792
4127.7,4127.65,4127.45,4127.4,4127.35,4128.55,4128.8,4129.0,4129.1,4129.15,11,19,50,27,6,2,32,25,42,3,2,2,1,1,1,1,3,5,3,1,dp,NSE:TCS-EQ,1734956227.433079
4128.2,4128.15,4127.7,4127.65,4127.5,4128.55,4128.8,4129.0,4129.1,4129.2,23,1,4,12,37,5,32,25,29,1,1,1,1,1,2,2,3,5,2,1,dp,NSE:TCS-EQ,1734956228.915346
4128.2,4128.15,4127.7,4127.65,4127.5,4128.55,4128.8,4128.95,4129.0,4129.1,23,1,4,12,24,1,32,15,25,29,1,1,1,1,1,1,3,1,5,2,dp,NSE:TCS-EQ,1734956230.607896
4125.25,4125.0,4124.9,4124.85,4124.75,4126.05,4126.8,4126.9,4126.95,4127.0,1,215,10,180,29,65,10,1,42,385,1,3,1,2,1,2,1,1,2,2,dp,NSE:TCS-EQ,1734956230.616583
4125.3,4125.25,4125.05,4125.0,4124.95,4126.05,4126.8,4126.9,4126.95,4127.0,175,1,4,215,2,37,10,26,70,385,1,1,1,3,1,3,1,4,3,2,dp,NSE:TCS-EQ,1734956231.132296
4125.55,4125.4,4125.3,4125.25,4125.05,4126.05,4126.95,4127.0,4127.1,4127.15,6,175,9,1,5,30,71,385,13,5,1,1,1,1,2,3,4,2,1,1,dp,NSE:TCS-EQ,1734956231.361833
4125.55,4125.3,4125.25,4125.05,4125.0,4126.0,4126.85,4126.9,4126.95,4127.0,6,9,1,5,227,487,1,1,32,385,1,1,1,2,4,1,1,1,2,2,dp,NSE:TCS-EQ,1734956232.18084
4125.55,4125.3,4125.25,4125.05,4125.0,4126.0,4126.85,4126.9,4126.95,4127.0,6,10,1,16,215,478,1,1,32,385,1,2,1,2,3,1,1,1,2,2,dp,NSE:TCS-EQ,1734956232.879916
4125.55,4125.3,4125.25,4125.05,4125.0,4126.0,4126.9,4126.95,4127.0,4127.1,6,10,1,31,40,314,1,32,375,30,1,2,1,2,2,2,1,2,1,3,dp,NSE:TCS-EQ,1734956233.492377
4125.7,4125.55,4125.3,4125.25,4125.05,4126.0,4126.9,4126.95,4127.0,4127.1,350,6,10,1,5,299,1,39,375,13,2,1,2,1,2,2,1,3,1,1,dp,NSE:TCS-EQ,1734956234.93065
4125.9,4125.75,4125.55,4125.3,4125.25,4126.0,4126.85,4126.9,4126.95,4127.0,2,9,6,1,1,105,1,33,32,375,1,1,1,1,1,2,1,1,2,1,dp,NSE:TCS-EQ,1734956235.998166
4125.9,4125.75,4125.4,4125.3,4125.25,4126.0,4126.9,4126.95,4127.0,4127.15,6,9,12,1,1,92,1,32,375,5,2,1,1,1,1,2,1,2,1,1,dp,NSE:TCS-EQ,1734956236.872272
4125.9,4125.75,4125.3,4125.25,4125.1,4126.0,4126.9,4126.95,4127.0,4127.15,14,9,1,1,12,85,1,32,375,12,3,1,1,1,1,2,1,2,1,2,dp,NSE:TCS-EQ,1734956237.209656
4126.2,4126.15,4126.1,4126.05,4126.0,4127.0,4127.65,4127.7,4127.75,4127.85,38,31,10,24,10,261,1,10,3,12,4,3,1,1,1,1,1,1,1,1,dp,NSE:TCS-EQ,1734956237.680434
4126.25,4126.2,4126.15,4126.1,4126.05,4127.0,4127.7,4127.8,4127.85,4127.9,8,21,19,10,24,264,10,1,16,6,1,2,2,1,1,2,1,1,2,1,dp,NSE:TCS-EQ,1734956238.256787
4125.95,4125.9,4125.3,4125.25,4125.2,4126.9,4126.95,4127.0,4127.2,4127.25,24,9,28,1,2,42,51,246,11,22,1,2,2,1,1,2,2,2,2,2,dp,NSE:TCS-EQ,1734956240.658122
4126.45,4126.1,4125.95,4125.9,4125.45,4126.9,4126.95,4127.0,4127.15,4127.2,8,11,25,5,8,60,51,235,1,4,1,1,2,1,1,1,2,1,1,1,dp,NSE:TCS-EQ,1734956241.866981
4126.5,4126.45,4126.4,4126.1,4125.95,4126.9,4126.95,4127.0,4127.15,4127.2,23,1,23,11,1,60,51,235,1,4,1,1,1,1,1,1,2,1,1,1,dp,NSE:TCS-EQ,1734956243.063015
4126.5,4126.45,4126.4,4126.1,4125.95,4126.95,4127.0,4127.2,4127.35,4127.4,13,1,25,11,27,51,235,4,1,4,1,1,3,1,2,2,1,1,1,1,dp,NSE:TCS-EQ,1734956243.870052
4126.75,4126.5,4126.45,4126.4,4126.1,4126.95,4127.0,4127.2,4127.35,4127.4,4,13,1,25,11,51,235,4,1,4,1,1,1,3,1,2,1,1,1,1,dp,NSE:TCS-EQ,1734956245.081986
4126.75,4126.65,4126.5,4126.45,4126.4,4127.0,4128.05,4128.1,4128.15,4128.3,4,10,13,1,26,182,9,13,10,13,1,1,1,1,4,1,2,1,1,1,dp,NSE:TCS-EQ,1734956246.352329
4126.75,4126.65,4126.5,4126.45,4126.4,4127.0,4127.65,4127.7,4127.9,4128.1,4,1,13,1,25,198,1,4,5,13,1,1,1,1,3,2,1,1,1,1,dp,NSE:TCS-EQ,1734956247.078046
4125.5,4125.45,4125.4,4125.25,4125.0,4126.0,4126.9,4126.95,4127.0,4127.1,8,8,8,1,71,153,1,4,28,12,1,1,1,1,5,1,1,1,1,1,dp,NSE:TCS-EQ,1734956247.504031
4125.6,4125.55,4125.5,4125.45,4125.25,4126.0,4126.95,4127.0,4127.05,4127.1,8,8,8,8,9,90,4,62,1,12,1,1,1,1,2,1,1,3,1,1,dp,NSE:TCS-EQ,1734956248.291099
4125.55,4125.5,4125.45,4125.4,4125.35,4126.0,4126.9,4126.95,4127.0,4127.1,8,16,8,11,175,2,200,4,63,23,1,2,1,2,1,1,1,1,4,2,dp,NSE:TCS-EQ,1734956249.467794
4126.1,4126.05,4126.0,4125.95,4125.9,4126.9,4127.0,4127.85,4127.95,4128.05,5,183,12,45,34,170,29,12,145,11,1,2,2,4,3,1,2,1,2,2,dp,NSE:TCS-EQ,1734956250.287438
4126.2,4126.15,4126.05,4126.0,4125.95,4126.9,4127.0,4127.85,4127.9,4127.95,14,10,87,11,197,170,29,12,1,145,2,1,2,1,4,2,2,1,1,2,dp,NSE:TCS-EQ,1734956250.679066
4126.3,4126.25,4126.2,4126.15,4126.1,4126.9,4127.0,4127.85,4127.95,4128.05,5,8,184,10,16,130,29,12,24,11,1,1,2,1,2,3,2,1,1,2,dp,NSE:TCS-EQ,1734956251.484931
4126.35,4126.25,4126.2,4126.15,4126.05,4126.9,4127.0,4127.8,4127.85,4127.95,8,8,17,10,16,99,29,1,12,24,1,1,2,1,2,3,2,1,1,1,dp,NSE:TCS-EQ,1734956251.878437
4126.45,4126.35,4126.2,4126.15,4126.05,4126.9,4127.0,4127.85,4127.95,4128.0,8,23,9,10,16,99,29,12,24,1,1,2,1,1,2,3,2,1,1,1,dp,NSE:TCS-EQ,1734956252.297336
4126.8,4126.75,4126.7,4126.65,4126.6,4127.0,4128.35,4128.5,4128.55,4128.6,1,252,8,19,12,2,43,15,7,13,1,2,1,2,1,2,3,1,2,1,dp,NSE:TCS-EQ,1734956254.779205
4126.9,4126.75,4126.7,4126.65,4126.6,4127.0,4128.35,4128.5,4128.55,4128.6,8,78,4,21,12,2,18,15,7,39,1,2,1,2,1,2,2,1,2,2,dp,NSE:TCS-EQ,1734956255.477083
4127.3,4127.25,4127.15,4127.0,4126.9,4127.5,4128.5,4128.55,4128.7,4128.8,8,125,243,175,1,2,15,1,48,30,1,4,4,1,1,1,1,1,2,3,dp,NSE:TCS-EQ,1734956255.97536
4126.9,4126.75,4126.7,4126.65,4126.6,4127.0,4127.35,4127.85,4128.0,4128.05,350,1,4,11,12,500,70,4,1,5,2,1,1,1,1,1,2,1,1,1,dp,NSE:TCS-EQ,1734956256.78866
4126.9,4126.7,4126.6,4126.55,4126.5,4127.0,4127.35,4127.8,4127.85,4127.95,23,4,12,12,9,575,70,27,4,12,1,1,1,1,1,2,2,2,1,1,dp,NSE:TCS-EQ,1734956257.194539
4126.9,4126.7,4126.2,4126.15,4126.05,4127.0,4127.35,4127.75,4127.8,4127.85,23,4,9,24,30,575,70,1,26,4,1,1,1,2,3,2,2,1,1,1,dp,NSE:TCS-EQ,1734956257.578141
4126.9,4126.7,4126.2,4126.15,4126.05,4127.0,4127.35,4127.75,4127.8,4127.85,23,26,9,24,30,589,70,1,26,4,1,2,1,2,3,4,2,1,1,1,dp,NSE:TCS-EQ,1734956258.460998
4126.9,4126.7,4126.2,4126.15,4126.05,4126.95,4127.0,4127.35,4127.75,4127.8,30,22,9,24,30,1,565,70,1,26,2,1,1,2,3,1,4,2,1,1,dp,NSE:TCS-EQ,1734956259.586996
4126.9,4126.7,4126.2,4126.15,4126.05,4126.95,4127.0,4127.35,4127.75,4127.8,3,139,9,24,4,1,562,70,1,26,2,2,1,2,2,1,3,2,1,1,dp,NSE:TCS-EQ,1734956260.383385
4126.9,4126.7,4126.2,4126.15,4126.05,4127.0,4127.35,4127.75,4127.8,4127.85,3,139,9,24,4,562,70,1,26,4,2,2,1,2,2,3,2,1,1,1,dp,NSE:TCS-EQ,1734956260.789968
4126.95,4126.9,4126.85,4126.8,4126.7,4127.0,4127.35,4127.75,4127.8,4127.85,8,15,116,2,22,553,70,1,26,4,1,2,1,2,1,4,2,1,1,1,dp,NSE:TCS-EQ,1734956261.59912
4126.9,4126.85,4126.8,4126.7,4126.65,4127.0,4127.75,4127.8,4127.85,4127.95,10,116,2,22,12,553,1,26,4,12,2,1,2,1,1,4,1,1,1,1,dp,NSE:TCS-EQ,1734956261.984147
4127.0,4126.95,4126.9,4126.85,4126.8,4128.0,4128.55,4128.7,4128.8,4128.95,561,25,61,116,2,1,1,10,3,31,8,3,3,1,2,1,1,1,2,2,dp,NSE:TCS-EQ,1734956262.401082
4127.2,4127.15,4127.1,4127.05,4127.0,4128.0,4128.55,4128.7,4128.8,4128.95,31,34,72,198,563,1,1,10,3,31,4,3,5,4,7,1,1,1,2,2,dp,NSE:TCS-EQ,1734956262.805021
4128.45,4128.15,4128.1,4128.05,4128.0,4128.7,4130.0,4130.05,4130.1,4130.15,10,13,33,9,19,43,43,15,1,3,1,1,2,1,2,1,5,1,1,1,dp,NSE:TCS-EQ,1734956263.586039
4128.45,4128.1,4128.0,4127.9,4127.85,4128.8,4129.55,4129.75,4129.85,4129.9,8,22,134,10,13,51,4,30,1,12,1,1,2,1,1,1,1,2,1,1,dp,NSE:TCS-EQ,1734956264.792323
4128.45,4128.1,4128.0,4127.95,4127.9,4129.9,4129.95,4130.0,4130.05,4130.1,8,47,134,350,10,1,31,86,11,15,1,2,2,2,1,1,2,5,2,1,dp,NSE:TCS-EQ,1734956266.003832
4128.5,4128.45,4128.1,4128.0,4127.9,4129.7,4129.8,4129.95,4130.0,4130.05,11,8,22,134,10,7,15,28,102,10,1,1,1,2,1,1,1,4,6,1,dp,NSE:TCS-EQ,1734956267.194375
4127.9,4127.75,4127.7,4127.65,4127.4,4128.0,4129.25,4129.35,4129.4,4129.45,1,1,9,10,175,40,5,13,1,60,1,1,1,1,1,1,1,1,1,4,dp,NSE:TCS-EQ,1734956267.996344
4127.7,4127.65,4127.4,4127.35,4127.3,4128.0,4128.55,4128.7,4128.75,4129.2,9,10,175,28,212,81,4,8,5,14,1,1,1,1,3,2,1,1,1,2,dp,NSE:TCS-EQ,1734956268.394814
4127.7,4127.65,4127.4,4127.35,4127.3,4128.0,4129.05,4129.1,4129.15,4129.2,8,10,175,28,175,100,4,8,1,37,1,1,1,1,1,1,1,1,1,2,dp,NSE:TCS-EQ,1734956269.190366
4127.4,4127.35,4127.25,4127.2,4127.1,4127.7,4128.0,4128.15,4128.35,4128.6,175,175,37,175,193,3,156,4,12,10,1,1,2,1,2,1,2,1,2,1,dp,NSE:TCS-EQ,1734956270.001872
4127.4,4127.35,4127.2,4127.1,4127.0,4127.7,4128.0,4128.15,4128.2,4128.35,175,175,175,193,213,3,156,4,15,12,1,1,1,2,4,1,2,1,1,2,dp,NSE:TCS-EQ,1734956270.405477
4127.1,4127.0,4126.8,4126.7,4126.5,4127.7,4128.0,4128.15,4128.35,4128.4,18,213,2,22,175,51,234,4,37,26,1,4,2,1,1,3,3,1,3,2,dp,NSE:TCS-EQ,1734956271.194638
4127.1,4127.0,4126.95,4126.8,4126.75,4127.7,4127.95,4128.0,4128.15,4128.2,15,176,212,2,13,48,36,234,4,9,1,2,3,2,1,2,2,3,1,1,dp,NSE:TCS-EQ,1734956272.39935
4127.1,4127.0,4126.8,4126.65,4126.35,4127.7,4127.95,4128.0,4128.15,4128.2,15,176,2,37,12,48,36,234,19,9,1,2,2,2,1,2,2,3,2,1,dp,NSE:TCS-EQ,1734956273.622248
4127.1,4127.0,4126.8,4126.35,4126.25,4127.7,4128.0,4128.15,4128.3,4128.35,15,176,2,12,50,57,234,19,1,4,1,2,2,1,3,3,3,2,1,1,dp,NSE:TCS-EQ,1734956274.846375
4127.1,4127.0,4126.8,4126.4,4126.35,4127.7,4128.0,4128.15,4128.35,4128.4,7,176,2,50,187,55,234,19,5,26,1,2,2,3,2,2,3,2,2,2,dp,NSE:TCS-EQ,1734956275.604382
4127.1,4127.0,4126.8,4126.4,4126.35,4127.35,4127.5,4127.7,4128.0,4128.15,7,176,2,37,188,51,6,59,235,14,1,2,2,2,2,2,2,3,4,2,dp,NSE:TCS-EQ,1734956276.864449
4127.1,4127.0,4126.8,4126.4,4126.25,4127.35,4127.5,4127.7,4128.0,4128.15,7,178,1,212,13,53,6,59,234,14,1,3,1,3,1,3,2,3,3,2,dp,NSE:TCS-EQ,1734956278.032771
4127.1,4127.0,4126.8,4126.55,4126.4,4127.35,4127.5,4127.7,4128.0,4128.15,7,178,175,175,37,88,6,59,234,14,1,3,1,1,2,4,2,3,3,2,dp,NSE:TCS-EQ,1734956279.460637
4127.0,4126.8,4126.55,4126.4,4126.25,4127.35,4127.5,4127.65,4127.7,4127.95,98,175,175,37,363,36,6,1,59,37,3,1,1,2,3,1,2,1,3,2,dp,NSE:TCS-EQ,1734956280.041485
4127.05,4127.0,4126.8,4126.55,4126.4,4127.3,4127.35,4127.5,4127.55,4127.7,33,98,175,175,37,12,36,6,1,59,1,3,1,1,2,2,1,2,1,3,dp,NSE:TCS-EQ,1734956280.824826
4127.05,4127.0,4126.8,4126.55,4126.4,4127.3,4127.35,4127.5,4127.55,4127.7,33,98,175,175,37,10,36,6,1,59,1,3,1,1,2,2,1,2,1,3,dp,NSE:TCS-EQ,1734956281.212093
4127.05,4127.0,4126.8,4126.55,4126.25,4127.3,4127.5,4127.55,4127.7,4128.0,33,100,175,175,212,1,37,1,59,81,1,4,1,1,3,1,3,1,3,2,dp,NSE:TCS-EQ,1734956282.11672
4127.05,4127.0,4126.25,4126.2,4126.05,4127.3,4127.45,4127.5,4127.55,4127.65,33,100,175,225,179,2,12,37,10,28,1,4,1,2,3,2,1,3,2,2,dp,NSE:TCS-EQ,1734956283.259675
4127.0,4126.2,4126.05,4125.85,4125.6,4127.25,4127.3,4127.4,4127.45,4127.5,100,50,4,12,12,20,45,1,36,37,4,1,2,1,1,2,4,1,2,3,dp,NSE:TCS-EQ,1734956284.407009
4126.2,4126.05,4125.5,4125.3,4125.25,4126.7,4126.75,4126.8,4126.85,4126.9,50,4,1,1,36,23,13,149,16,47,1,2,1,1,2,1,1,3,2,2,dp,NSE:TCS-EQ,1734956285.222938
4126.2,4126.05,4125.5,4125.3,4125.25,4126.7,4126.8,4126.85,4126.9,4126.95,47,4,1,1,36,35,162,4,23,15,1,2,1,1,2,2,4,1,1,1,dp,NSE:TCS-EQ,1734956285.716572
4126.2,4126.05,4125.5,4125.3,4125.25,4126.75,4126.8,4126.85,4126.9,4127.0,47,4,1,1,36,17,116,4,52,32,1,2,1,1,2,1,1,1,2,3,dp,NSE:TCS-EQ,1734956286.452506
4126.2,4126.05,4126.0,4125.5,4125.3,4126.8,4126.85,4127.0,4127.05,4127.15,47,4,2,1,9,26,4,74,4,1,1,2,1,1,2,2,1,2,1,1,dp,NSE:TCS-EQ,1734956287.720765
4125.5,4125.3,4125.25,4125.1,4125.05,4126.0,4126.75,4126.8,4126.85,4126.9,1,1,1,1,50,23,13,15,38,24,1,1,1,1,1,1,1,3,3,1,dp,NSE:TCS-EQ,1734956288.536643
4125.5,4125.3,4125.25,4125.1,4125.05,4126.0,4126.75,4126.8,4126.85,4126.9,1,1,1,1,50,17,13,15,38,24,1,1,1,1,1,1,1,3,3,1,dp,NSE:TCS-EQ,1734956288.942182
4125.55,4125.5,4125.35,4125.3,4125.25,4126.0,4126.8,4126.85,4127.0,4127.05,5,11,15,1,1,28,3,38,50,4,1,2,1,1,1,2,1,3,1,1,dp,NSE:TCS-EQ,1734956289.312685
4125.55,4125.5,4125.3,4125.25,4125.15,4126.0,4126.8,4126.85,4127.0,4127.05,5,1,1,1,350,20,3,38,50,4,1,1,1,1,2,2,1,3,1,1,dp,NSE:TCS-EQ,1734956289.709856
4126.05,4126.0,4125.65,4125.6,4125.55,4126.85,4127.0,4127.3,4127.5,4127.55,33,196,83,406,198,34,50,8,2,1,3,3,7,6,3,2,1,1,1,1,dp,NSE:TCS-EQ,1734956290.183499
4126.05,4126.0,4125.8,4125.75,4125.65,4126.85,4127.0,4127.3,4127.5,4127.55,202,21,175,350,49,35,50,8,2,1,4,2,1,2,5,3,1,1,1,1,dp,NSE:TCS-EQ,1734956290.536208
4126.05,4126.0,4125.8,4125.75,4125.65,4126.85,4127.0,4127.3,4127.5,4127.55,217,21,28,350,49,35,50,8,2,1,5,2,1,2,5,3,1,1,1,1,dp,NSE:TCS-EQ,1734956291.225269
4126.15,4126.1,4126.05,4126.0,4125.95,4126.85,4127.0,4127.3,4127.5,4127.55,15,175,212,21,350,35,50,8,2,1,2,1,4,2,2,3,1,1,1,1,dp,NSE:TCS-EQ,1734956291.840346
4126.25,4126.2,4126.15,4126.1,4126.05,4126.85,4127.0,4127.3,4127.5,4127.55,5,175,18,8,207,35,50,8,2,1,1,1,2,1,4,3,1,1,1,1,dp,NSE:TCS-EQ,1734956292.251442
4126.15,4126.1,4126.05,4126.0,4125.95,4126.85,4127.0,4127.3,4127.5,4127.55,18,8,314,21,190,35,50,8,2,1,2,1,5,2,2,3,1,1,1,1,dp,NSE:TCS-EQ,1734956292.806816
4126.2,4126.15,4126.1,4126.05,4126.0,4126.85,4127.0,4127.1,4127.3,4127.5,17,20,14,314,21,30,50,5,8,2,2,3,4,5,2,2,1,1,1,1,dp,NSE:TCS-EQ,1734956293.37533
4126.4,4126.2,4126.15,4126.1,4126.05,4126.85,4127.0,4127.1,4127.3,4127.5,50,21,370,14,277,30,50,5,8,2,1,2,5,4,5,2,1,1,1,1,dp,NSE:TCS-EQ,1734956294.522137
4126.55,4126.4,4126.2,4126.15,4126.1,4126.85,4127.0,4127.1,4127.3,4127.5,18,65,21,362,14,30,50,5,8,2,2,2,2,4,4,2,1,1,1,1,dp,NSE:TCS-EQ,1734956295.325639
4126.55,4126.4,4126.2,4126.15,4126.1,4126.85,4127.0,4127.1,4127.3,4127.5,32,65,21,362,14,29,50,5,8,2,3,2,2,4,4,1,1,1,1,1,dp,NSE:TCS-EQ,1734956295.739331
4126.55,4126.4,4126.2,4126.15,4126.1,4126.65,4126.85,4127.0,4127.1,4127.3,32,65,12,362,14,21,29,50,5,8,3,2,1,4,4,1,1,1,1,1,dp,NSE:TCS-EQ,1734956296.51879
4126.55,4126.4,4126.2,4126.15,4126.1,4126.65,4126.85,4127.0,4127.1,4127.3,32,65,12,362,14,51,29,50,5,8,3,2,1,4,4,2,1,1,1,1,dp,NSE:TCS-EQ,1734956296.945055
4126.55,4126.4,4126.2,4126.15,4126.1,4126.65,4126.85,4127.0,4127.1,4127.3,32,53,14,362,6,51,29,50,5,8,3,2,2,4,3,2,1,1,1,1,dp,NSE:TCS-EQ,1734956297.323422
4126.55,4126.4,4126.35,4126.2,4126.15,4126.65,4127.0,4127.1,4127.3,4127.5,32,3,15,64,187,24,50,5,8,2,3,1,1,3,3,1,1,1,1,1,dp,NSE:TCS-EQ,1734956297.714464
4127.25,4126.95,4126.9,4126.85,4126.75,4127.3,4127.5,4127.55,4127.7,4128.0,174,13,50,20,350,7,2,1,9,3,1,1,1,2,2,1,1,1,1,1,dp,NSE:TCS-EQ,1734956298.519826
4127.25,4126.9,4126.85,4126.8,4126.75,4127.3,4127.5,4127.55,4127.7,4128.0,165,50,20,10,350,35,2,1,9,3,1,1,2,1,2,1,1,1,1,1,dp,NSE:TCS-EQ,1734956299.621613
4127.25,4127.15,4126.85,4126.8,4126.7,4127.3,4127.5,4127.55,4127.7,4128.0,348,50,195,185,15,36,2,1,9,3,3,1,3,2,1,2,1,1,1,1,dp,NSE:TCS-EQ,1734956300.931552
4127.35,4127.3,4127.25,4127.15,4126.9,4129.05,4129.1,4129.15,4129.3,4129.4,25,13,12,50,37,10,34,16,6,1,2,1,2,1,2,1,2,2,1,1,dp,NSE:TCS-EQ,1734956301.72351
4127.4,4127.35,4127.3,4127.25,4127.15,4129.0,4129.05,4129.1,4129.15,4129.3,35,25,370,14,2,32,10,34,1,6,2,2,4,3,1,2,1,2,1,1,dp,NSE:TCS-EQ,1734956302.531003
4127.25,4127.15,4127.0,4126.95,4126.85,4128.65,4128.7,4128.75,4128.8,4128.9,64,2,175,175,4,23,8,24,14,26,4,1,1,1,1,1,1,2,2,2,dp,NSE:TCS-EQ,1734956303.720338
4127.25,4127.15,4127.05,4127.0,4126.95,4128.65,4128.75,4128.8,4128.9,4128.95,64,2,43,175,182,23,24,14,26,5,4,1,2,1,2,1,2,2,2,2,dp,NSE:TCS-EQ,1734956304.127095
4127.95,4127.25,4127.15,4127.1,4127.05,4128.7,4128.75,4128.8,4128.9,4128.95,9,11,2,175,203,38,23,40,23,4,1,3,1,1,2,2,1,2,1,1,dp,NSE:TCS-EQ,1734956304.577568
4127.95,4127.25,4127.15,4127.1,4127.05,4128.8,4128.9,4128.95,4129.0,4129.05,16,3,2,175,203,40,23,4,9,10,2,2,1,1,2,2,1,1,1,1,dp,NSE:TCS-EQ,1734956305.333405
4127.95,4127.25,4127.2,4127.15,4127.1,4128.8,4128.95,4129.0,4129.05,4129.1,16,3,7,2,175,24,4,9,10,50,2,2,1,1,1,2,1,1,1,3,dp,NSE:TCS-EQ,1734956305.739201
4127.95,4127.25,4127.15,4127.1,4127.05,4128.8,4128.9,4128.95,4129.0,4129.05,26,3,2,175,404,22,1,4,9,10,3,2,1,1,5,2,1,1,1,1,dp,NSE:TCS-EQ,1734956306.564586
4127.95,4127.25,4127.15,4127.1,4127.05,4128.8,4128.9,4128.95,4129.0,4129.05,26,3,2,175,404,22,1,19,9,10,3,2,1,1,5,2,1,2,1,1,dp,NSE:TCS-EQ,1734956306.934524
4127.95,4127.85,4127.25,4127.15,4127.1,4128.8,4128.9,4128.95,4129.0,4129.05,26,1,3,2,175,22,1,4,9,10,3,1,2,1,1,2,1,1,1,1,dp,NSE:TCS-EQ,1734956307.724075
4128.4,4127.95,4127.85,4127.65,4127.35,4128.8,4128.9,4128.95,4129.0,4129.1,1,26,1,17,21,25,1,4,9,48,1,3,1,1,1,3,1,1,1,2,dp,NSE:TCS-EQ,1734956308.225858
4128.4,4127.95,4127.85,4127.65,4127.45,4128.8,4128.9,4128.95,4129.0,4129.1,1,26,1,17,7,25,1,4,9,31,1,3,1,1,1,3,1,1,1,1,dp,NSE:TCS-EQ,1734956308.52575
4128.4,4127.95,4127.85,4127.45,4127.35,4128.8,4128.9,4128.95,4129.0,4129.1,1,26,1,357,49,25,1,4,9,31,1,3,1,3,2,3,1,1,1,1,dp,NSE:TCS-EQ,1734956308.928934
4128.4,4127.95,4127.85,4127.45,4127.35,4128.8,4128.9,4128.95,4129.0,4129.1,2,26,1,357,49,25,1,4,9,31,2,3,1,3,2,3,1,1,1,1,dp,NSE:TCS-EQ,1734956309.424951
4128.4,4127.95,4127.85,4127.65,4127.45,4128.8,4128.9,4128.95,4129.0,4129.1,2,26,1,17,357,21,1,4,9,31,2,3,1,1,3,3,1,1,1,1,dp,NSE:TCS-EQ,1734956309.772935
4128.4,4127.95,4127.85,4127.6,4127.45,4128.8,4128.9,4128.95,4129.0,4129.1,10,19,1,18,350,18,1,4,9,31,2,2,1,1,2,2,1,1,1,1,dp,NSE:TCS-EQ,1734956310.138402
4128.8,4128.4,4127.95,4127.85,4127.65,4128.9,4129.0,4129.1,4129.15,4129.45,3,10,19,1,7,1,9,31,1,6,2,2,2,1,1,1,1,1,1,1,dp,NSE:TCS-EQ,1734956310.930329
4128.8,4128.4,4127.95,4127.85,4127.75,4128.9,4129.0,4129.1,4129.15,4129.45,3,10,19,1,21,1,9,31,1,6,2,2,2,1,1,1,1,1,1,1,dp,NSE:TCS-EQ,1734956311.340484
4128.8,4128.4,4127.95,4127.85,4127.75,4128.9,4129.0,4129.1,4129.15,4129.45,3,12,21,1,21,1,9,31,1,6,2,3,3,1,1,1,1,1,1,1,dp,NSE:TCS-EQ,1734956312.142761
4129.0,4128.8,4128.7,4128.4,4127.95,4129.15,4129.45,4129.5,4129.65,4129.75,12,3,9,12,21,1,6,6,9,12,1,2,1,3,3,1,1,1,1,1,dp,NSE:TCS-EQ,1734956313.384103
4129.0,4128.8,4128.7,4128.4,4127.95,4129.15,4129.45,4129.5,4129.65,4129.75,11,3,9,12,21,1,6,6,9,12,1,2,1,3,3,1,1,1,1,1,dp,NSE:TCS-EQ,1734956313.729485
4129.15,4129.0,4128.8,4128.7,4128.4,4129.5,4129.85,4129.9,4129.95,4130.0,48,11,3,9,12,6,25,28,11,42,1,1,2,1,3,1,1,1,1,5,dp,NSE:TCS-EQ,1734956314.239359
4129.55,4129.5,4129.15,4129.05,4129.0,4129.95,4130.0,4130.2,4130.35,4130.4,32,1,48,4,13,11,42,1,31,2,3,1,1,1,2,1,5,1,1,2,dp,NSE:TCS-EQ,1734956315.332676
4129.8,4129.7,4129.55,4129.5,4129.05,4130.0,4130.2,4130.35,4130.4,4130.5,14,2,32,1,4,42,1,31,2,8,1,2,3,1,1,5,1,1,2,1,dp,NSE:TCS-EQ,1734956316.53833
4130.05,4130.0,4129.55,4129.5,4129.0,4130.4,4130.45,4130.5,4130.6,4130.65,127,1,32,3,15,1,5,8,1,4,1,1,3,2,3,1,1,1,1,1,dp,NSE:TCS-EQ,1734956317.728501
4130.05,4130.0,4129.95,4129.55,4129.5,4130.4,4130.5,4130.6,4130.8,4131.0,127,1,2,32,3,3,8,1,1,12,1,1,2,3,2,1,1,1,1,3,dp,NSE:TCS-EQ,1734956318.63462
4130.05,4130.0,4129.95,4129.55,4129.5,4130.4,4130.5,4130.6,4130.8,4130.95,93,1,2,32,3,1,8,1,1,15,1,1,2,3,2,1,1,1,1,1,dp,NSE:TCS-EQ,1734956318.926924
4130.1,4130.05,4130.0,4129.95,4129.55,4130.35,4130.4,4130.5,4130.6,4130.8,23,96,1,2,9,1,1,8,1,1,1,2,1,2,2,1,1,1,1,1,dp,NSE:TCS-EQ,1734956319.840414
4130.1,4130.05,4130.0,4129.95,4129.55,4130.35,4130.5,4130.6,4130.7,4130.8,6,3,1,2,3,1,12,1,4,1,1,1,1,2,1,1,2,1,1,1,dp,NSE:TCS-EQ,1734956320.232175
4130.05,4130.0,4129.95,4129.55,4129.5,4130.35,4130.5,4130.6,4130.7,4130.8,3,1,4,3,3,2,12,1,4,1,1,1,3,1,2,2,2,1,1,1,dp,NSE:TCS-EQ,1734956321.041742
4130.05,4130.0,4129.95,4129.55,4129.5,4130.35,4130.5,4130.6,4130.8,4131.0,2,3,6,3,1,13,8,1,1,12,1,2,4,1,1,2,1,1,1,3,dp,NSE:TCS-EQ,1734956322.241259
4130.05,4130.0,4129.95,4129.55,4129.5,4131.2,4131.25,4131.4,4131.45,4131.5,2,3,6,3,1,2,8,25,2,1,1,2,4,1,1,2,1,2,1,1,dp,NSE:TCS-EQ,1734956322.542366
4130.35,4130.05,4130.0,4129.95,4129.9,4131.4,4131.55,4131.6,4131.65,4131.7,1,2,3,6,6,1,4,26,1,26,1,1,2,4,1,1,1,2,1,2,dp,NSE:TCS-EQ,1734956323.450863
4131.4,4131.2,4130.35,4130.1,4130.05,4131.5,4131.6,4131.65,4131.8,4131.95,1,1,1,6,2,10,26,1,1,51,1,1,1,1,1,1,2,1,1,3,dp,NSE:TCS-EQ,1734956324.644921
4131.6,4131.5,4131.4,4131.2,4130.4,4131.95,4132.0,4132.2,4132.25,4132.3,21,10,1,1,6,23,184,5,12,1,2,1,1,1,2,2,5,2,1,1,dp,NSE:TCS-EQ,1734956325.443389
4131.6,4131.5,4131.4,4131.2,4130.4,4131.95,4132.0,4132.2,4132.25,4132.3,21,10,1,1,6,23,184,6,12,1,2,1,1,1,2,2,5,3,1,1,dp,NSE:TCS-EQ,1734956325.84707
4130.0,4129.95,4129.45,4129.4,4129.25,4130.5,4130.95,4131.0,4131.3,4131.45,3,6,175,175,350,198,7,10,14,1,2,4,1,1,2,1,2,1,2,1,dp,NSE:TCS-EQ,1734956327.064042
4130.3,4130.0,4129.95,4129.4,4129.3,4130.5,4131.0,4131.2,4131.25,4131.3,1,3,6,175,20,214,10,1,20,10,1,2,4,1,1,3,1,1,2,2,dp,NSE:TCS-EQ,1734956328.262661
4130.0,4129.95,4129.75,4129.35,4129.3,4130.5,4130.95,4131.0,4131.25,4131.3,102,6,175,175,350,194,1,10,19,4,2,4,1,1,2,3,1,1,1,1,dp,NSE:TCS-EQ,1734956329.441334
4130.0,4129.95,4129.1,4129.05,4129.0,4130.5,4130.65,4130.85,4131.0,4131.1,72,6,2,350,11,182,4,15,10,1,2,4,1,2,1,3,1,3,1,1,dp,NSE:TCS-EQ,1734956330.672691
4130.0,4129.95,4129.25,4129.1,4129.05,4130.35,4130.5,4130.65,4130.7,4130.85,72,6,175,39,350,54,182,4,15,4,2,4,1,3,2,2,3,1,1,1,dp,NSE:TCS-EQ,1734956331.992976
4129.3,4129.0,4128.9,4128.8,4128.7,4130.35,4130.5,4130.65,4130.7,4130.75,26,11,175,1,37,54,182,10,20,11,1,1,1,1,2,2,3,2,3,1,dp,NSE:TCS-EQ,1734956333.048538
4129.75,4129.65,4129.55,4129.45,4129.4,4130.35,4130.5,4130.85,4131.0,4131.05,6,175,365,188,28,54,191,4,10,4,1,1,3,2,1,2,4,1,1,1,dp,NSE:TCS-EQ,1734956333.844208
4129.75,4129.7,4129.65,4129.55,4129.45,4130.35,4130.5,4130.85,4131.0,4131.05,1,10,175,350,363,54,191,4,10,4,1,1,1,2,3,2,4,1,1,1,dp,NSE:TCS-EQ,1734956335.082201
4129.85,4129.65,4129.55,4129.45,4129.4,4130.35,4130.5,4130.85,4131.0,4131.05,169,350,175,363,203,54,190,4,10,4,1,2,1,3,2,2,3,1,1,1,dp,NSE:TCS-EQ,1734956336.255817
4129.55,4129.0,4128.95,4128.85,4128.8,4129.65,4130.0,4130.05,4130.35,4130.45,1,214,2,212,176,4,6,55,54,4,1,3,1,3,2,1,1,2,2,1,dp,NSE:TCS-EQ,1734956337.454353
4129.75,4129.7,4129.55,4129.3,4129.05,4130.0,4130.35,4130.45,4130.5,4130.65,23,175,1,175,175,21,33,4,190,5,1,1,1,1,1,2,2,1,3,1,dp,NSE:TCS-EQ,1734956338.644686
4129.75,4129.7,4129.55,4129.05,4129.0,4129.95,4130.0,4130.35,4130.45,4130.5,18,175,1,175,11,1,21,33,4,190,1,1,1,1,1,1,2,2,1,3,dp,NSE:TCS-EQ,1734956339.487
4129.8,4129.75,4129.7,4129.55,4129.05,4129.95,4130.0,4130.35,4130.45,4130.5,1,18,175,1,175,10,21,33,4,190,1,1,1,1,1,1,2,2,1,3,dp,NSE:TCS-EQ,1734956339.870359
4129.8,4129.7,4129.55,4129.3,4129.1,4129.95,4130.0,4130.35,4130.45,4130.5,6,175,1,175,50,5,18,33,4,190,1,1,1,1,1,2,1,2,1,3,dp,NSE:TCS-EQ,1734956340.900012
4129.8,4129.7,4129.55,4129.3,4129.1,4129.95,4130.35,4130.45,4130.5,4130.65,6,175,1,175,50,1,37,4,190,5,1,1,1,1,1,1,3,1,3,1,dp,NSE:TCS-EQ,1734956341.576667
4129.8,4129.7,4129.55,4129.3,4129.1,4129.95,4130.35,4130.45,4130.5,4130.65,6,175,1,175,50,1,37,4,190,21,1,1,1,1,1,1,3,1,3,2,dp,NSE:TCS-EQ,1734956341.958081
4129.8,4129.7,4129.55,4129.1,4129.0,4129.95,4130.35,4130.45,4130.5,4130.65,1,175,1,50,11,11,37,22,190,21,1,1,1,1,1,2,3,2,3,2,dp,NSE:TCS-EQ,1734956342.766214
4129.0,4128.9,4128.8,4128.65,4128.4,4129.7,4129.75,4129.8,4129.85,4129.95,11,175,1,175,28,22,15,23,1,41,1,1,1,1,1,1,1,2,1,5,dp,NSE:TCS-EQ,1734956343.157741
4129.0,4128.8,4128.55,4128.4,4128.35,4129.95,4130.05,4130.15,4130.2,4130.3,10,1,175,28,37,41,15,16,5,34,1,1,1,1,2,5,1,2,1,3,dp,NSE:TCS-EQ,1734956343.966664
4129.0,4128.8,4128.55,4128.4,4128.35,4129.7,4129.95,4130.05,4130.15,4130.2,10,1,175,28,37,11,41,15,42,5,1,1,1,1,2,1,5,1,3,1,dp,NSE:TCS-EQ,1734956344.357763
4129.0,4128.8,4128.6,4128.4,4128.35,4129.7,4129.95,4130.15,4130.2,4130.3,9,1,175,28,212,11,41,42,5,8,2,1,1,1,3,1,5,3,1,2,dp,NSE:TCS-EQ,1734956345.570223
4129.0,4128.8,4128.7,4128.65,4128.4,4129.95,4130.1,4130.15,4130.3,4130.35,1,1,50,175,175,33,14,5,3,35,1,1,1,1,1,3,1,2,2,3,dp,NSE:TCS-EQ,1734956345.985655
4129.75,4129.7,4129.0,4128.8,4128.7,4130.1,4130.3,4130.35,4130.45,4130.5,2,50,1,1,55,25,2,35,18,170,1,1,1,1,2,2,1,3,1,1,dp,NSE:TCS-EQ,1734956346.751613
4129.75,4129.7,4129.0,4128.9,4128.8,4129.95,4130.1,4130.3,4130.35,4130.45,2,50,1,5,1,10,26,2,50,18,1,1,1,1,1,1,3,1,4,1,dp,NSE:TCS-EQ,1734956347.953597
4129.75,4129.7,4129.0,4128.9,4128.8,4129.95,4130.1,4130.3,4130.35,4130.45,2,50,2,5,1,10,26,2,50,18,1,1,2,1,1,1,3,1,4,1,dp,NSE:TCS-EQ,1734956348.38125
4129.75,4129.7,4129.0,4128.8,4128.7,4130.1,4130.35,4130.45,4130.5,4130.6,9,2,4,1,225,14,35,18,170,1,2,1,4,1,2,2,3,1,1,1,dp,NSE:TCS-EQ,1734956349.462445
4129.75,4129.7,4129.0,4128.8,4128.7,4130.1,4130.35,4130.4,4130.45,4130.5,3,2,3,1,225,11,35,10,18,170,1,1,3,1,2,1,3,1,1,1,dp,NSE:TCS-EQ,1734956349.975306
4129.75,4129.7,4129.0,4128.8,4128.7,4130.1,4130.35,4130.4,4130.45,4130.5,3,2,3,1,225,10,35,10,18,171,1,1,3,1,2,1,3,1,1,2,dp,NSE:TCS-EQ,1734956350.35842
4129.75,4129.7,4129.0,4128.8,4128.7,4130.1,4130.35,4130.4,4130.45,4130.5,2,2,3,1,50,11,35,10,18,170,1,1,3,1,1,2,3,1,1,1,dp,NSE:TCS-EQ,1734956350.761759
4129.75,4129.7,4129.0,4128.8,4128.7,4130.0,4130.1,4130.35,4130.45,4130.5,1,2,3,1,225,7,11,35,18,170,1,1,3,1,2,1,2,3,1,1,dp,NSE:TCS-EQ,1734956351.559685
4130.0,4129.95,4129.75,4129.7,4129.05,4130.1,4130.35,4130.5,4130.65,4130.75,7,3,2,2,175,12,35,170,5,1,1,1,2,1,1,2,3,1,1,1,dp,NSE:TCS-EQ,1734956352.359942
4129.95,4129.9,4129.75,4129.7,4129.15,4130.35,4130.5,4130.65,4130.8,4130.85,2,2,2,2,5,34,170,5,5,1,1,2,2,1,1,3,1,1,1,1,dp,NSE:TCS-EQ,1734956353.16586
4130.1,4130.0,4129.95,4129.9,4129.75,4130.35,4130.5,4130.65,4130.8,4130.85,1,1,2,2,2,34,170,5,5,11,1,1,1,2,2,3,1,1,1,2,dp,NSE:TCS-EQ,1734956354.375381
4130.25,4130.1,4130.0,4129.95,4129.9,4130.35,4130.5,4130.65,4130.8,4130.85,10,6,1,2,2,15,170,5,5,1,1,2,1,1,2,2,1,1,1,1,dp,NSE:TCS-EQ,1734956355.564603
4130.25,4130.1,4130.0,4129.95,4129.9,4130.35,4130.5,4130.65,4130.8,4130.85,10,6,1,2,2,14,170,5,5,2,1,2,1,1,2,2,1,1,1,2,dp,NSE:TCS-EQ,1734956356.362022
4130.25,4130.1,4130.0,4129.95,4129.9,4130.35,4130.5,4130.65,4130.8,4130.85,10,8,2,2,2,1,170,5,5,26,1,3,2,1,2,1,1,1,1,3,dp,NSE:TCS-EQ,1734956357.564288
4130.1,4130.0,4129.95,4129.9,4129.4,4130.25,4130.5,4130.65,4130.8,4130.85,8,2,2,2,5,2,170,5,5,17,3,2,1,2,1,1,1,1,1,3,dp,NSE:TCS-EQ,1734956358.382745
4130.1,4130.0,4129.95,4129.9,4129.4,4130.2,4130.5,4130.85,4131.0,4131.15,6,2,2,2,5,1,170,1,15,25,2,2,1,2,1,1,1,1,2,1,dp,NSE:TCS-EQ,1734956359.165328
4130.1,4130.0,4129.95,4129.9,4129.3,4130.2,4130.5,4130.85,4130.95,4131.0,6,2,2,2,5,2,170,1,1,15,2,2,1,2,1,2,1,1,1,2,dp,NSE:TCS-EQ,1734956360.47412
4130.1,4130.0,4129.95,4129.9,4129.15,4130.2,4130.5,4130.75,4130.85,4130.9,6,2,2,2,32,2,170,4,12,1,2,2,1,2,1,2,1,1,3,1,dp,NSE:TCS-EQ,1734956361.576635
4130.1,4130.0,4129.95,4129.9,4129.15,4130.5,4130.75,4130.85,4130.9,4130.95,5,2,2,2,32,170,20,27,2,4,2,2,1,2,1,1,2,3,2,1,dp,NSE:TCS-EQ,1734956362.79053
4130.1,4130.0,4129.95,4129.9,4129.15,4130.5,4130.75,4130.85,4130.9,4130.95,5,2,2,2,32,166,20,11,1,19,2,2,1,2,1,1,2,2,1,2,dp,NSE:TCS-EQ,1734956363.596431
4130.1,4130.0,4129.95,4129.9,4129.15,4130.5,4130.75,4130.85,4130.9,4130.95,7,2,2,2,32,166,20,11,1,19,2,2,1,2,1,1,2,2,1,2,dp,NSE:TCS-EQ,1734956363.974217
4130.1,4130.0,4129.95,4129.9,4129.15,4130.5,4130.85,4130.95,4131.0,4131.05,6,2,2,2,32,145,1,16,15,4,2,2,1,2,1,1,1,2,2,1,dp,NSE:TCS-EQ,1734956365.182691
4130.15,4130.1,4130.0,4129.95,4129.9,4130.5,4130.85,4131.0,4131.05,4131.15,39,7,2,2,2,95,1,15,4,25,1,3,2,1,2,1,1,2,1,1,dp,NSE:TCS-EQ,1734956365.980909
4130.15,4130.1,4130.0,4129.95,4129.9,4130.5,4130.85,4131.0,4131.05,4131.15,14,7,2,2,2,114,10,16,4,25,1,3,2,1,2,2,2,3,1,1,dp,NSE:TCS-EQ,1734956367.27566
4130.15,4130.1,4130.05,4130.0,4129.95,4130.5,4130.85,4131.0,4131.05,4131.15,14,7,2,2,2,113,1,15,4,25,1,3,2,2,1,2,1,2,1,1,dp,NSE:TCS-EQ,1734956368.486849
4130.15,4130.1,4130.05,4130.0,4129.95,4130.5,4130.85,4131.0,4131.6,4131.65,4,7,2,177,9,112,1,15,13,10,1,3,2,3,2,1,1,2,1,1,dp,NSE:TCS-EQ,1734956369.68035
4130.15,4130.1,4130.05,4130.0,4129.95,4130.25,4130.5,4130.85,4131.0,4131.15,13,3,2,2,9,10,199,1,5,1,3,2,2,2,2,1,2,1,1,1,dp,NSE:TCS-EQ,1734956370.433167
4130.15,4130.1,4130.05,4130.0,4129.95,4130.5,4130.85,4131.0,4131.45,4131.5,7,3,2,2,184,130,1,7,25,1,2,2,2,2,3,2,1,2,1,1,dp,NSE:TCS-EQ,1734956371.285699
4130.15,4130.1,4130.05,4130.0,4129.95,4130.3,4130.5,4130.85,4131.0,4131.25,7,3,2,2,9,10,141,1,7,10,2,2,2,2,2,1,3,1,2,1,dp,NSE:TCS-EQ,1734956372.501649
4130.15,4130.1,4130.05,4130.0,4129.95,4130.5,4130.85,4131.0,4131.25,4131.3,7,3,2,2,9,172,1,7,11,3,2,2,2,2,2,5,1,2,2,1,dp,NSE:TCS-EQ,1734956373.290479
4130.15,4130.1,4130.05,4130.0,4129.95,4130.3,4130.5,4130.85,4130.95,4131.0,6,3,2,2,9,11,172,1,1,7,2,2,2,2,2,1,5,1,1,2,dp,NSE:TCS-EQ,1734956374.482962
4130.15,4130.1,4130.05,4130.0,4129.95,4130.5,4130.85,4131.0,4131.05,4131.15,3,3,2,85,9,171,1,10,4,1,1,2,2,4,2,4,1,3,1,1,dp,NSE:TCS-EQ,1734956375.685805
4130.0,4129.95,4129.15,4129.1,4129.05,4130.2,4130.3,4130.4,4130.5,4130.6,22,2,4,36,525,53,10,4,171,14,1,1,1,2,3,2,1,1,4,2,dp,NSE:TCS-EQ,1734956376.901632
4130.0,4129.95,4129.15,4129.1,4129.05,4130.2,4130.3,4130.4,4130.5,4130.6,12,2,4,36,175,50,10,4,171,14,1,1,1,2,1,2,1,1,4,2,dp,NSE:TCS-EQ,1734956377.224203
4130.0,4129.95,4129.15,4129.1,4129.05,4130.2,4130.4,4130.5,4130.6,4130.8,12,2,4,36,175,50,4,171,14,1,1,1,1,2,1,2,1,4,2,1,dp,NSE:TCS-EQ,1734956378.088248
4129.1,4129.0,4128.8,4128.4,4128.25,4129.75,4129.8,4129.85,4129.95,4130.0,25,7,176,28,37,1,23,15,23,97,1,3,2,1,2,1,1,1,1,2,dp,NSE:TCS-EQ,1734956381.765681
4129.1,4129.0,4128.8,4128.45,4128.4,4129.75,4129.8,4129.85,4129.95,4130.0,25,7,1,175,28,1,23,15,23,97,1,3,1,1,1,1,1,1,1,2,dp,NSE:TCS-EQ,1734956381.921384
4129.1,4129.0,4128.8,4128.55,4128.45,4129.75,4129.95,4130.0,4130.15,4130.2,8,7,1,4,175,2,23,97,15,50,1,3,1,1,1,2,1,2,1,2,dp,NSE:TCS-EQ,1734956381.922198
4129.1,4129.0,4128.8,4128.55,4128.45,4129.75,4130.0,4130.15,4130.2,4130.35,8,7,1,4,175,16,98,15,50,1,1,3,1,1,1,3,3,1,2,1,dp,NSE:TCS-EQ,1734956381.922953
4128.8,4128.45,4128.4,4128.35,4128.25,4128.85,4129.1,4129.75,4129.8,4129.9,1,175,203,21,212,12,10,6,12,4,1,1,2,2,3,1,1,3,1,1,dp,NSE:TCS-EQ,1734956382.185234
4128.8,4128.45,4128.4,4128.35,4128.25,4128.85,4129.1,4129.75,4129.8,4129.95,1,175,203,21,212,10,10,6,12,5,1,1,2,2,3,1,1,3,1,1,dp,NSE:TCS-EQ,1734956382.480507
4128.8,4128.2,4128.0,4127.8,4127.55,4128.85,4129.1,4129.35,4129.55,4129.6,1,50,6,4,13,6,10,15,1,31,1,1,2,1,1,1,1,1,1,2,dp,NSE:TCS-EQ,1734956383.280523
4128.85,4128.8,4128.2,4128.0,4127.8,4129.1,4129.6,4129.65,4129.7,4129.75,6,1,50,6,4,10,19,19,10,6,1,1,1,2,1,1,1,2,1,3,dp,NSE:TCS-EQ,1734956384.075453
4128.85,4128.8,4128.2,4128.05,4128.0,4129.75,4129.8,4129.85,4129.9,4129.95,6,1,50,4,6,6,13,2,1,62,1,1,1,1,2,3,2,1,1,4,dp,NSE:TCS-EQ,1734956384.486415
4129.0,4128.85,4128.8,4128.55,4128.2,4129.75,4129.8,4129.85,4129.95,4130.0,2,6,1,4,50,5,25,17,61,86,1,1,1,1,1,2,1,2,3,2,dp,NSE:TCS-EQ,1734956385.276624
4129.0,4128.85,4128.8,4128.35,4128.2,4129.75,4129.8,4129.85,4129.95,4130.0,2,6,1,4,50,6,25,2,76,86,1,1,1,1,1,3,1,1,4,2,dp,NSE:TCS-EQ,1734956386.080345
4129.0,4128.85,4128.8,4128.35,4128.2,4129.75,4129.8,4129.85,4129.9,4129.95,3,6,1,4,50,5,25,2,1,61,2,1,1,1,1,2,1,1,1,3,dp,NSE:TCS-EQ,1734956386.494552
4129.0,4128.85,4128.8,4128.35,4128.2,4129.75,4129.8,4129.85,4129.95,4130.0,3,6,1,4,50,16,25,2,61,86,2,1,1,1,1,3,1,1,3,2,dp,NSE:TCS-EQ,1734956387.31077
4129.0,4128.85,4128.8,4128.7,4128.3,4129.75,4129.8,4129.95,4130.0,4130.15,3,6,1,4,1,8,13,5,86,10,2,1,1,1,1,3,1,1,2,1,dp,NSE:TCS-EQ,1734956388.4872
4128.85,4128.8,4128.3,4128.2,4128.0,4129.0,4129.2,4129.7,4129.75,4129.8,2,1,1,50,10,51,25,10,18,13,1,1,1,1,3,2,1,1,4,1,dp,NSE:TCS-EQ,1734956389.296168
4128.8,4128.35,4128.3,4128.2,4128.0,4128.85,4129.0,4129.75,4129.8,4129.95,1,175,1,50,356,2,12,4,13,5,1,1,1,1,4,2,2,1,1,1,dp,NSE:TCS-EQ,1734956390.481412
4128.8,4128.35,4128.3,4128.2,4128.15,4128.85,4129.0,4129.75,4129.8,4129.95,1,175,176,50,28,2,12,4,13,5,1,1,2,1,1,2,2,1,1,1,dp,NSE:TCS-EQ,1734956391.350311
4128.85,4128.8,4128.65,4128.4,4128.3,4129.0,4129.8,4130.0,4130.15,4130.2,5,1,126,175,176,12,13,86,10,24,1,1,1,1,2,2,1,2,1,1,dp,NSE:TCS-EQ,1734956392.510472
4128.5,4128.4,4128.3,4128.2,4128.15,4129.0,4129.75,4129.8,4129.95,4130.0,1,146,176,575,28,78,4,13,37,86,1,3,2,4,1,1,1,1,3,2,dp,NSE:TCS-EQ,1734956393.290307
4128.55,4128.5,4128.4,4128.3,4128.2,4129.0,4129.75,4129.8,4129.95,4130.0,164,1,146,1,575,78,4,13,12,86,1,1,3,1,4,1,1,1,2,2,dp,NSE:TCS-EQ,1734956394.516948
4128.85,4128.5,4128.4,4128.3,4128.25,4129.0,4129.75,4129.8,4129.95,4130.0,35,1,146,1,164,16,4,13,12,86,1,1,3,1,1,1,1,1,2,2,dp,NSE:TCS-EQ,1734956395.291124
4128.95,4128.85,4128.5,4128.4,4128.3,4129.0,4129.8,4129.9,4129.95,4130.0,1,36,1,146,1,80,13,1,4,111,1,2,1,3,1,1,1,1,1,3,dp,NSE:TCS-EQ,1734956396.595461
4128.85,4128.5,4128.4,4128.3,4128.25,4128.9,4129.0,4129.5,4129.7,4129.8,25,1,2,144,175,50,113,4,14,13,2,1,2,1,1,2,2,1,2,1,dp,NSE:TCS-EQ,1734956397.318956
4128.5,4128.4,4128.2,4128.0,4127.9,4129.0,4129.5,4129.7,4129.8,4129.85,1,2,50,181,144,83,4,14,14,1,1,2,1,3,1,2,1,2,2,1,dp,NSE:TCS-EQ,1734956398.206019
4128.5,4128.4,4128.2,4128.1,4128.0,4128.95,4129.0,4129.5,4129.65,4129.7,1,3,50,175,7,1,77,4,18,14,1,3,1,1,3,1,2,1,1,2,dp,NSE:TCS-EQ,1734956399.390826
4127.85,4127.65,4127.6,4127.45,4127.4,4128.0,4128.5,4128.7,4128.95,4129.0,144,175,175,175,175,133,4,4,1,77,1,1,1,1,1,2,1,1,1,2,dp,NSE:TCS-EQ,1734956400.596444
4127.3,4127.1,4126.9,4126.7,4126.65,4127.7,4127.75,4127.8,4127.85,4127.95,1,6,1,1,14,22,15,23,14,1,1,2,1,1,2,1,2,1,2,1,dp,NSE:TCS-EQ,1734956401.38883
4127.3,4127.1,4126.9,4126.7,4126.65,4127.7,4127.75,4127.8,4127.85,4127.95,1,6,1,1,14,22,5,23,14,1,1,2,1,1,2,1,1,1,2,1,dp,NSE:TCS-EQ,1734956401.862891
4127.3,4127.1,4126.9,4126.7,4126.65,4127.6,4127.65,4127.7,4127.8,4127.85,1,6,1,1,1,49,25,15,1,1,1,2,1,1,1,1,1,2,1,1,dp,NSE:TCS-EQ,1734956402.613209
4127.3,4127.1,4126.9,4126.7,4126.65,4127.6,4127.7,4128.0,4128.05,4128.15,1,6,1,1,4,43,5,111,4,1,1,2,1,1,2,1,1,3,1,1,dp,NSE:TCS-EQ,1734956403.300422
4127.6,4127.3,4127.1,4126.9,4126.7,4127.9,4127.95,4128.0,4128.05,4128.2,36,1,6,1,1,23,42,138,5,4,1,1,2,1,1,1,3,4,2,1,dp,NSE:TCS-EQ,1734956404.188673
4127.6,4127.3,4127.1,4126.9,4126.7,4127.9,4127.95,4128.0,4128.05,4128.2,36,1,6,1,1,23,26,139,4,4,1,1,2,1,1,1,1,5,1,1,dp,NSE:TCS-EQ,1734956404.600875
4126.1,4126.0,4125.9,4125.85,4125.7,4127.15,4127.2,4127.25,4127.35,4127.4,14,3,1,175,1,23,15,23,23,4,3,2,1,1,1,1,1,1,1,1,dp,NSE:TCS-EQ,1734956405.393366
4126.55,4126.1,4126.0,4125.9,4125.7,4127.4,4127.45,4127.5,4127.6,4127.65,23,5,3,1,1,20,23,20,6,71,1,2,2,1,1,2,2,2,3,3,dp,NSE:TCS-EQ,1734956406.636032
4127.25,4126.95,4126.65,4126.55,4126.2,4127.6,4128.0,4128.2,4128.3,4128.35,16,1,9,22,3,1,100,2,4,3,1,1,1,1,1,1,2,1,1,1,dp,NSE:TCS-EQ,1734956407.801764
4127.3,4127.25,4127.05,4126.95,4126.65,4127.6,4128.0,4128.3,4128.5,4128.55,2,22,175,24,11,1,73,4,4,20,2,1,1,2,2,1,1,1,1,1,dp,NSE:TCS-EQ,1734956408.597228
4127.3,4127.25,4127.05,4126.95,4126.65,4127.6,4128.0,4128.3,4128.5,4128.7,2,22,175,24,11,1,73,4,4,4,2,1,1,2,2,1,1,1,1,1,dp,NSE:TCS-EQ,1734956408.993866
4127.6,4127.5,4127.3,4127.25,4126.95,4128.0,4128.3,4128.5,4128.65,4128.7,13,1,1,22,199,73,4,23,13,7,1,1,1,1,3,1,1,2,1,2,dp,NSE:TCS-EQ,1734956409.797894
4127.6,4127.5,4127.3,4127.25,4126.95,4128.0,4128.3,4128.45,4128.5,4128.7,10,1,1,22,24,73,4,1,17,4,1,1,1,1,2,1,1,1,2,1,dp,NSE:TCS-EQ,1734956410.195033
4127.6,4127.5,4127.3,4127.25,4126.95,4128.0,4128.3,4128.4,4128.5,4128.65,10,1,1,22,24,58,4,10,17,1,1,1,1,1,2,2,1,1,2,1,dp,NSE:TCS-EQ,1734956411.002552
4127.3,4127.25,4126.95,4126.8,4126.75,4128.0,4128.3,4128.5,4128.7,4128.75,7,23,25,3,15,32,4,4,4,6,2,2,3,1,1,2,1,1,1,1,dp,NSE:TCS-EQ,1734956412.205972
4127.3,4127.25,4127.2,4127.0,4126.95,4128.0,4128.95,4129.0,4129.1,4129.2,6,35,175,175,199,10,12,77,12,57,1,3,1,1,3,2,1,2,1,3,dp,NSE:TCS-EQ,1734956414.19944
4127.3,4127.25,4127.2,4127.0,4126.95,4128.0,4128.95,4129.0,4129.05,4129.1,6,35,175,175,24,10,12,77,4,12,1,3,1,1,2,2,1,2,1,1,dp,NSE:TCS-EQ,1734956414.695425
4127.7,4127.3,4127.25,4126.95,4126.8,4128.0,4128.25,4128.3,4128.5,4128.55,10,6,23,24,24,169,10,4,4,15,1,1,2,2,1,1,1,1,1,1,dp,NSE:TCS-EQ,1734956415.413799
4127.7,4127.3,4127.25,4126.95,4126.8,4128.0,4128.25,4128.3,4128.45,4128.5,10,6,23,24,24,169,10,4,1,17,1,1,2,2,1,1,1,1,1,2,dp,NSE:TCS-EQ,1734956415.893046
4127.9,4127.7,4127.3,4127.25,4126.95,4128.0,4128.3,4128.45,4128.5,4128.8,2,10,6,23,24,169,4,1,17,30,2,1,1,2,2,1,1,1,2,2,dp,NSE:TCS-EQ,1734956416.603125
4127.7,4127.3,4127.25,4126.95,4126.75,4127.8,4128.0,4128.3,4128.35,4128.45,10,6,23,24,3,53,169,4,10,1,1,1,2,2,1,2,1,1,1,1,dp,NSE:TCS-EQ,1734956417.100595
4127.7,4127.3,4127.25,4127.0,4126.95,4127.8,4128.0,4128.3,4128.35,4128.45,10,7,23,1,24,53,169,4,10,1,1,2,2,1,2,2,1,1,1,1,dp,NSE:TCS-EQ,1734956417.819276
4127.7,4127.6,4127.3,4127.25,4127.0,4127.8,4128.0,4128.3,4128.35,4128.45,10,2,7,23,1,56,169,4,10,1,1,2,2,2,1,3,1,1,1,1,dp,NSE:TCS-EQ,1734956418.63891
4127.7,4127.6,4127.3,4127.25,4127.0,4127.8,4128.0,4128.3,4128.35,4128.45,10,2,7,23,1,56,189,4,10,17,1,2,2,2,1,3,2,1,1,2,dp,NSE:TCS-EQ,1734956419.098847
4127.7,4127.6,4127.3,4127.25,4127.0,4127.8,4128.0,4128.3,4128.35,4128.45,10,2,7,23,1,56,189,5,10,16,1,2,2,2,1,3,2,2,1,1,dp,NSE:TCS-EQ,1734956419.504264
4127.7,4127.6,4127.3,4127.25,4127.0,4127.75,4127.8,4128.0,4128.25,4128.3,5,2,7,23,1,1,56,189,1,4,2,2,2,2,1,1,3,2,1,1,dp,NSE:TCS-EQ,1734956419.820106
4126.95,4126.5,4126.25,4126.2,4126.1,4127.0,4127.75,4127.8,4127.95,4128.0,1,175,177,220,5,58,2,53,1,248,1,1,2,3,2,1,2,2,1,3,dp,NSE:TCS-EQ,1734956420.702399
4126.9,4126.5,4126.45,4126.25,4126.2,4127.0,4127.75,4127.9,4127.95,4128.0,132,175,175,180,367,200,2,3,12,189,1,1,1,2,3,1,2,1,1,2,dp,NSE:TCS-EQ,1734956421.920304
4126.5,4126.3,4126.2,4126.15,4126.1,4127.0,4127.4,4127.6,4127.75,4127.9,2,307,192,28,5,58,4,4,2,10,1,2,2,1,2,2,1,1,2,1,dp,NSE:TCS-EQ,1734956422.657913
4126.5,4126.3,4126.2,4126.15,4126.1,4127.0,4127.4,4127.6,4127.75,4127.85,2,307,192,28,180,54,4,4,2,3,1,2,2,1,3,2,1,1,2,1,dp,NSE:TCS-EQ,1734956423.009995
4126.5,4126.3,4126.2,4126.15,4126.1,4127.0,4127.4,4127.6,4127.75,4127.85,2,307,192,28,180,53,4,4,2,3,1,2,2,1,3,2,1,1,2,1,dp,NSE:TCS-EQ,1734956423.918352
4126.5,4126.3,4126.2,4126.15,4126.1,4127.0,4127.4,4127.6,4127.75,4128.0,2,307,192,28,180,53,4,4,2,195,1,2,2,1,3,2,1,1,2,3,dp,NSE:TCS-EQ,1734956424.328953
4126.5,4126.3,4126.2,4126.15,4126.1,4127.0,4127.4,4127.6,4127.65,4127.75,2,307,192,28,180,80,4,4,3,2,1,2,2,1,3,3,1,1,1,2,dp,NSE:TCS-EQ,1734956425.137393
4126.5,4126.45,4126.3,4126.25,4126.2,4127.0,4127.75,4127.9,4128.0,4128.1,2,10,307,176,192,85,1,3,195,5,1,1,2,2,2,1,1,1,3,2,dp,NSE:TCS-EQ,1734956425.517089
4126.5,4126.45,4126.3,4126.25,4126.2,4127.0,4127.75,4127.9,4128.0,4128.1,2,10,307,176,192,96,1,3,195,5,1,1,2,2,2,2,1,1,3,2,dp,NSE:TCS-EQ,1734956426.32995
4126.5,4126.45,4126.3,4126.25,4126.2,4127.0,4127.75,4127.9,4128.0,4128.1,2,10,482,2,192,93,1,3,195,5,1,1,3,2,2,2,1,1,3,2,dp,NSE:TCS-EQ,1734956426.720838
4126.6,4126.5,4126.4,4126.25,4126.2,4127.0,4127.75,4127.9,4127.95,4128.0,132,2,175,177,542,127,1,3,1,189,1,1,1,3,4,2,1,1,1,2,dp,NSE:TCS-EQ,1734956427.52372
4126.65,4126.6,4126.35,4126.3,4126.25,4127.0,4127.75,4127.9,4127.95,4128.0,26,132,175,175,2,127,1,3,1,189,1,1,1,1,2,2,1,1,1,2,dp,NSE:TCS-EQ,1734956427.917565
4126.85,4126.65,4126.6,4126.35,4126.3,4127.0,4127.75,4127.9,4127.95,4128.0,1,26,132,175,175,129,1,3,1,189,1,1,1,1,1,3,1,1,1,2,dp,NSE:TCS-EQ,1734956428.585161
4126.85,4126.65,4126.4,4126.3,4126.25,4127.0,4127.75,4127.95,4128.0,4128.05,1,26,132,350,2,195,1,4,189,1,1,1,1,2,2,2,1,2,2,1,dp,NSE:TCS-EQ,1734956429.004654
4126.85,4126.65,4126.4,4126.3,4126.25,4127.0,4127.75,4128.0,4128.1,4128.25,1,26,132,175,177,48,1,189,7,1,1,1,1,1,3,4,1,2,2,1,dp,NSE:TCS-EQ,1734956429.137044
4126.65,4126.6,4126.35,4126.25,4126.2,4127.0,4128.0,4128.1,4128.3,4128.35,20,132,175,177,367,44,189,4,31,22,1,1,1,3,3,4,2,1,4,2,dp,NSE:TCS-EQ,1734956429.924844
4126.65,4126.35,4126.3,4126.25,4126.2,4126.85,4127.0,4127.9,4127.95,4128.0,20,132,175,2,192,4,41,10,22,189,1,1,1,2,2,2,3,1,1,2,dp,NSE:TCS-EQ,1734956430.328521
4126.85,4126.65,4126.35,4126.25,4126.2,4127.0,4127.85,4127.9,4127.95,4128.0,4,20,132,2,192,41,1,10,22,189,1,1,1,2,2,3,1,1,1,2,dp,NSE:TCS-EQ,1734956431.091491
4126.65,4126.25,4126.2,4126.15,4126.1,4126.8,4126.85,4127.0,4127.85,4127.9,20,2,192,28,5,41,7,41,1,19,1,2,2,1,2,1,1,3,1,4,dp,NSE:TCS-EQ,1734956431.539269
4126.65,4126.25,4126.2,4126.15,4126.1,4126.8,4126.85,4127.0,4127.85,4127.9,20,2,192,203,5,41,7,41,1,19,1,2,2,2,2,1,1,3,1,4,dp,NSE:TCS-EQ,1734956432.32017
4126.65,4126.25,4126.2,4126.1,4126.0,4126.8,4126.85,4127.0,4127.4,4127.45,20,1,192,180,181,41,7,41,1,14,1,1,2,3,4,1,1,3,1,2,dp,NSE:TCS-EQ,1734956432.728997
4126.65,4126.25,4126.2,4126.1,4126.0,4126.8,4126.85,4127.0,4127.4,4127.45,20,1,17,5,6,37,7,41,1,4,1,1,1,2,3,1,1,3,1,1,dp,NSE:TCS-EQ,1734956433.785768
4126.65,4126.25,4126.2,4126.15,4126.1,4126.8,4126.85,4127.0,4127.45,4127.65,19,1,17,28,5,37,7,41,4,4,1,1,1,1,2,1,1,3,1,1,dp,NSE:TCS-EQ,1734956433.946106
4126.65,4126.25,4126.2,4126.15,4126.1,4126.8,4126.85,4127.0,4127.45,4127.65,19,202,192,28,5,35,7,41,4,4,1,3,2,1,2,1,1,3,1,1,dp,NSE:TCS-EQ,1734956434.722011
4126.65,4126.25,4126.2,4126.15,4126.1,4126.8,4126.85,4127.0,4127.45,4127.65,19,202,192,28,5,30,7,41,4,4,1,3,2,1,2,1,1,3,1,1,dp,NSE:TCS-EQ,1734956435.928976
4126.65,4126.3,4126.25,4126.2,4126.15,4126.8,4126.85,4127.0,4127.45,4127.65,20,175,202,192,28,4,7,41,4,4,2,1,3,2,1,1,1,3,1,1,dp,NSE:TCS-EQ,1734956436.328274
4126.65,4126.3,4126.25,4126.2,4126.15,4126.7,4126.85,4127.0,4127.45,4127.85,16,175,202,192,28,54,7,41,1,11,2,1,3,2,1,2,1,3,1,2,dp,NSE:TCS-EQ,1734956437.128244
4126.65,4126.3,4126.25,4126.2,4126.15,4126.7,4126.85,4127.0,4127.45,4127.65,16,175,202,192,28,44,7,41,1,4,2,1,3,2,1,2,1,3,1,1,dp,NSE:TCS-EQ,1734956437.527525
4126.65,4126.3,4126.25,4126.2,4126.15,4126.7,4126.85,4127.0,4127.65,4127.8,16,350,202,192,28,57,7,41,4,3,2,2,3,2,1,4,1,3,1,1,dp,NSE:TCS-EQ,1734956438.386315
4126.3,4126.25,4126.2,4126.15,4126.1,4126.65,4126.7,4126.85,4127.0,4127.5,266,27,192,28,5,1,48,7,41,1,2,2,2,1,2,1,3,1,3,1,dp,NSE:TCS-EQ,1734956439.527065
4126.6,4126.35,4126.25,4126.2,4126.1,4126.65,4126.7,4126.85,4127.0,4127.5,1,146,27,17,5,13,45,7,41,30,1,1,2,1,2,3,2,1,3,2,dp,NSE:TCS-EQ,1734956440.725152
4126.35,4126.25,4126.2,4126.1,4126.05,4126.65,4126.7,4126.85,4127.0,4127.4,112,27,17,5,1,11,10,7,41,10,1,2,1,2,1,3,1,1,3,1,dp,NSE:TCS-EQ,1734956441.938163
4126.35,4126.25,4126.2,4126.1,4126.05,4126.65,4126.7,4126.85,4127.0,4127.5,112,29,17,5,1,10,10,7,41,29,1,4,1,2,1,3,1,1,3,1,dp,NSE:TCS-EQ,1734956443.137175
4126.35,4126.25,4126.2,4126.1,4126.05,4126.65,4126.7,4126.85,4127.0,4127.5,112,29,17,5,92,10,10,7,41,29,1,4,1,2,2,3,1,1,3,1,dp,NSE:TCS-EQ,1734956444.148017
4126.35,4126.25,4126.2,4126.1,4126.05,4126.65,4126.7,4126.85,4127.0,4127.5,112,29,17,5,1,10,10,7,41,29,1,4,1,2,1,3,1,1,3,1,dp,NSE:TCS-EQ,1734956444.330249
4126.55,4126.45,4126.35,4126.25,4126.2,4126.65,4126.7,4126.85,4127.0,4127.45,10,2,112,29,17,9,10,7,41,38,1,2,1,4,1,3,1,1,3,2,dp,NSE:TCS-EQ,1734956445.217228
4126.55,4126.5,4126.45,4126.3,4126.25,4126.65,4126.7,4126.85,4127.0,4127.45,3,2,2,112,29,8,10,7,41,38,1,1,2,1,4,2,1,1,3,2,dp,NSE:TCS-EQ,1734956445.54669
4126.55,4126.5,4126.45,4126.3,4126.25,4126.65,4126.7,4126.85,4127.0,4127.45,3,2,2,112,29,8,10,7,29,38,1,1,2,1,4,2,1,1,2,2,dp,NSE:TCS-EQ,1734956446.328125
4126.55,4126.5,4126.45,4126.3,4126.25,4126.7,4126.85,4127.0,4127.45,4127.65,3,2,2,112,29,10,7,29,38,4,1,1,2,1,4,1,1,2,2,1,dp,NSE:TCS-EQ,1734956446.845953
4126.55,4126.5,4126.45,4126.25,4126.1,4126.7,4126.85,4127.0,4127.75,4127.8,3,114,2,29,180,10,7,29,17,39,1,2,2,4,3,1,1,2,1,2,dp,NSE:TCS-EQ,1734956447.530248
4126.75,4126.7,4126.65,4126.55,4126.5,4126.95,4127.0,4127.5,4127.7,4127.75,26,146,1,3,2,84,29,4,4,24,1,1,1,1,1,1,2,1,1,1,dp,NSE:TCS-EQ,1734956448.336743
4126.75,4126.65,4126.55,4126.5,4126.45,4126.95,4127.0,4127.5,4127.7,4127.75,26,2,3,2,2,83,29,4,4,24,1,2,1,1,2,1,2,1,1,1,dp,NSE:TCS-EQ,1734956449.53864
4125.9,4125.7,4125.5,4125.3,4125.25,4126.0,4126.45,4126.7,4126.8,4126.85,1,1,5,1,1,200,10,27,1,27,1,1,2,1,1,1,1,1,1,1,dp,NSE:TCS-EQ,1734956450.75771
4125.0,4124.9,4124.75,4124.7,4124.6,4125.95,4126.0,4126.1,4126.15,4126.25,355,1,1,1,175,33,282,4,3,15,15,1,1,1,1,2,2,1,1,1,dp,NSE:TCS-EQ,1734956451.933358
4125.0,4124.9,4124.75,4124.7,4124.6,4125.75,4125.8,4125.95,4126.0,4126.1,355,1,1,1,175,23,10,48,293,4,15,1,1,1,1,1,1,3,3,1,dp,NSE:TCS-EQ,1734956452.333187
4125.0,4124.9,4124.75,4124.7,4124.6,4125.75,4125.8,4125.95,4126.0,4126.1,355,1,1,1,175,23,10,33,293,4,15,1,1,1,1,1,1,2,3,1,dp,NSE:TCS-EQ,1734956452.828189
4125.0,4124.9,4124.75,4124.7,4124.6,4125.75,4125.8,4125.95,4126.0,4126.1,355,1,1,1,175,17,10,33,293,4,15,1,1,1,1,1,1,2,3,1,dp,NSE:TCS-EQ,1734956453.230069
4125.0,4124.9,4124.75,4124.7,4124.6,4125.75,4125.95,4126.0,4126.1,4126.3,355,1,1,1,185,36,23,211,4,16,15,1,1,1,2,1,1,2,1,2,dp,NSE:TCS-EQ,1734956454.053088
4125.0,4124.9,4124.75,4124.7,4124.6,4125.75,4125.95,4126.0,4126.1,4126.3,355,1,176,1,10,36,23,211,4,16,15,1,2,1,1,1,1,2,1,2,dp,NSE:TCS-EQ,1734956454.438597
4125.05,4125.0,4124.9,4124.75,4124.7,4125.75,4126.0,4126.1,4126.15,4126.3,27,355,1,176,1,36,211,4,15,16,1,15,1,2,1,1,2,1,1,2,dp,NSE:TCS-EQ,1734956455.135805
4125.05,4125.0,4124.9,4124.75,4124.7,4125.95,4126.0,4126.1,4126.3,4126.4,18,530,1,176,1,34,211,4,16,5,1,16,1,2,1,1,2,1,2,1,dp,NSE:TCS-EQ,1734956455.633201
4124.95,4124.9,4124.75,4124.7,4124.6,4125.0,4125.95,4126.0,4126.1,4126.2,1,1,176,1,175,25,60,211,4,3,1,1,2,1,1,1,2,2,1,1,dp,NSE:TCS-EQ,1734956456.515413
4124.95,4124.9,4124.75,4124.7,4124.5,4125.0,4125.45,4125.65,4125.9,4125.95,1,1,1,1,181,13,74,4,10,20,1,1,1,1,3,1,3,1,1,1,dp,NSE:TCS-EQ,1734956456.73907
4124.9,4124.75,4124.7,4124.5,4124.3,4125.0,4125.45,4125.65,4125.95,4126.0,1,1,1,181,351,25,74,4,2,211,1,1,1,3,3,1,3,1,1,2,dp,NSE:TCS-EQ,1734956457.236725
4124.9,4124.75,4124.7,4124.5,4124.3,4125.0,4125.45,4125.65,4125.95,4126.0,1,1,1,186,351,54,74,4,2,210,1,1,1,4,3,3,3,1,1,2,dp,NSE:TCS-EQ,1734956458.44618
4124.9,4124.75,4124.7,4124.5,4124.3,4124.95,4125.0,4125.45,4125.65,4125.95,1,1,1,186,351,1,54,74,4,2,1,1,1,4,3,1,3,3,1,1,dp,NSE:TCS-EQ,1734956459.64803
4124.75,4124.7,4124.5,4124.3,4124.25,4124.9,4124.95,4125.0,4125.45,4125.65,1,1,186,351,203,2,1,51,74,4,1,1,4,3,2,1,1,2,3,1,dp,NSE:TCS-EQ,1734956460.084095
4124.75,4124.7,4124.5,4124.3,4124.25,4124.9,4124.95,4125.0,4125.45,4125.65,1,1,186,351,203,30,1,51,74,4,1,1,4,3,2,3,1,2,3,1,dp,NSE:TCS-EQ,1734956460.843007
4124.75,4124.7,4124.5,4124.4,4124.3,4124.9,4124.95,4125.0,4125.45,4125.65,1,1,186,175,526,29,1,51,74,4,1,1,4,1,4,3,1,2,3,1,dp,NSE:TCS-EQ,1734956461.245041
4124.5,4124.4,4124.3,4124.25,4124.1,4124.9,4124.95,4125.0,4125.45,4125.65,118,175,526,28,351,30,1,51,4,4,2,1,4,1,3,3,1,2,1,1,dp,NSE:TCS-EQ,1734956461.641325
4124.5,4124.3,4124.25,4124.2,4124.1,4124.75,4124.9,4124.95,4125.0,4125.45,118,351,203,175,526,3,27,1,51,4,2,3,2,1,4,1,2,1,2,1,dp,NSE:TCS-EQ,1734956462.511695
4124.75,4124.5,4124.35,4124.3,4124.25,4124.9,4124.95,4125.0,4125.45,4125.65,123,118,350,526,28,24,1,51,4,7,1,2,2,4,1,2,1,2,1,2,dp,NSE:TCS-EQ,1734956463.68842
4124.75,4124.5,4124.35,4124.3,4124.25,4124.9,4124.95,4125.0,4125.45,4125.65,123,118,175,526,203,22,1,51,4,4,1,2,1,4,2,2,1,2,1,1,dp,NSE:TCS-EQ,1734956464.049619
4124.75,4124.5,4124.35,4124.3,4124.25,4124.9,4124.95,4125.0,4125.45,4125.65,113,118,175,701,28,1,12,51,4,4,1,2,1,5,1,1,2,2,1,1,dp,NSE:TCS-EQ,1734956464.466187
4124.75,4124.6,4124.5,4124.35,4124.3,4124.9,4124.95,4125.0,4125.85,4125.95,127,11,118,175,701,1,12,51,3,2,2,1,2,1,5,1,2,2,1,1,dp,NSE:TCS-EQ,1734956465.2632
4124.8,4124.65,4124.6,4124.55,4124.5,4125.0,4126.0,4126.1,4126.15,4126.25,175,175,113,10,15,33,200,4,10,1,1,1,1,1,2,2,1,1,1,1,dp,NSE:TCS-EQ,1734956465.740795
4125.1,4124.8,4124.65,4124.6,4124.55,4126.0,4126.45,4126.6,4126.7,4126.75,101,175,175,133,10,200,10,2,54,18,1,1,1,3,1,1,1,1,2,2,dp,NSE:TCS-EQ,1734956466.486494
4125.1,4125.0,4124.8,4124.75,4124.6,4126.0,4126.45,4126.6,4126.7,4126.75,101,5,175,113,23,199,10,2,54,17,1,1,1,1,3,1,1,1,2,1,dp,NSE:TCS-EQ,1734956466.943877
4125.1,4125.0,4124.8,4124.75,4124.65,4126.0,4126.45,4126.6,4126.7,4126.75,101,5,175,113,3,199,10,2,55,17,1,1,1,1,1,1,1,1,3,1,dp,NSE:TCS-EQ,1734956467.648003
4125.6,4125.1,4125.0,4124.75,4124.7,4126.0,4126.45,4126.6,4126.65,4126.7,1,101,5,175,113,202,25,2,1,54,1,1,1,1,1,2,2,1,1,2,dp,NSE:TCS-EQ,1734956468.231393
4125.6,4125.5,4125.1,4125.0,4124.75,4126.0,4126.2,4126.4,4126.45,4126.6,1,2,107,6,175,196,13,4,10,2,1,2,2,2,1,2,2,1,1,1,dp,NSE:TCS-EQ,1734956468.946683
4125.6,4125.5,4125.1,4125.0,4124.7,4126.0,4126.2,4126.4,4126.45,4126.55,1,2,107,6,121,196,13,4,10,1,1,2,2,2,2,2,2,1,1,1,dp,NSE:TCS-EQ,1734956469.244762
4125.5,4125.1,4125.0,4124.7,4124.65,4125.6,4126.0,4126.2,4126.4,4126.45,2,107,6,296,3,2,193,13,4,10,2,2,2,3,1,1,1,2,1,1,dp,NSE:TCS-EQ,1734956470.049247
4125.5,4125.1,4125.0,4124.7,4124.6,4125.55,4126.0,4126.2,4126.3,4126.4,2,101,6,183,10,6,193,13,27,4,2,1,2,2,1,1,1,2,2,1,dp,NSE:TCS-EQ,1734956470.549428
4125.5,4125.1,4125.0,4124.7,4124.6,4125.55,4126.0,4126.2,4126.4,4126.45,2,101,6,183,10,7,193,13,4,3,2,1,2,2,1,2,1,2,1,1,dp,NSE:TCS-EQ,1734956470.909863
4125.5,4125.1,4125.0,4124.7,4124.6,4125.55,4126.0,4126.2,4126.25,4126.4,2,101,6,183,10,7,193,13,16,4,2,1,2,2,1,2,1,2,1,1,dp,NSE:TCS-EQ,1734956471.756166
4125.5,4125.1,4125.0,4124.7,4124.6,4125.55,4126.0,4126.2,4126.25,4126.4,3,101,6,183,10,7,193,13,16,4,3,1,2,2,1,2,1,2,1,1,dp,NSE:TCS-EQ,1734956472.863351
4125.5,4125.1,4125.0,4124.7,4124.55,4125.55,4126.0,4126.2,4126.4,4126.5,3,101,6,183,175,3,193,4,4,3,3,1,2,2,1,2,1,1,1,1,dp,NSE:TCS-EQ,1734956473.679657
4125.55,4125.5,4125.1,4125.0,4124.7,4126.0,4126.2,4126.4,4126.5,4126.6,10,3,101,7,183,193,4,4,3,3,1,3,1,3,2,1,1,1,1,2,dp,NSE:TCS-EQ,1734956474.887851
4124.7,4124.55,4124.5,4124.45,4124.35,4125.0,4125.95,4126.3,4126.35,4126.45,183,175,185,175,2,137,1,54,23,27,2,1,3,1,1,1,1,2,3,2,dp,NSE:TCS-EQ,1734956475.256225
4125.15,4125.1,4125.0,4124.95,4124.9,4126.65,4126.7,4126.85,4126.9,4126.95,1,9,45,19,49,8,29,27,13,1,1,1,3,2,3,1,1,1,2,1,dp,NSE:TCS-EQ,1734956476.159804
4125.05,4125.0,4124.95,4124.9,4124.8,4126.6,4126.65,4126.7,4126.75,4126.8,1,10,10,49,14,29,8,30,3,8,1,1,1,3,1,3,1,2,1,3,dp,NSE:TCS-EQ,1734956476.484252
4125.0,4124.7,4124.65,4124.6,4124.55,4125.85,4126.05,4126.25,4126.3,4126.5,5,8,175,9,175,47,4,4,3,52,1,1,1,1,1,2,1,1,1,4,dp,NSE:TCS-EQ,1734956477.363433
4125.0,4124.7,4124.6,4124.55,4124.5,4125.85,4126.05,4126.25,4126.45,4126.5,5,8,9,175,13,62,4,4,15,66,1,1,1,1,3,4,1,1,2,4,dp,NSE:TCS-EQ,1734956478.457702
4125.0,4124.7,4124.6,4124.55,4124.5,4125.8,4125.85,4126.05,4126.25,4126.45,5,8,9,175,10,1,62,4,4,15,1,1,1,1,2,1,4,1,1,2,dp,NSE:TCS-EQ,1734956479.756857
4125.0,4124.7,4124.6,4124.55,4124.5,4125.8,4125.85,4126.05,4126.2,4126.25,5,8,9,175,10,1,59,4,2,4,1,1,1,1,2,1,3,1,1,1,dp,NSE:TCS-EQ,1734956480.558887
